4630 7860
812 2212 1210 2317 PRAEFATIO.

274 3309 440 3397 Quuars
456 3304 621 3396 fortasse,
636 3306 751 3382 lector
767 3309 954 3399 benevole,
974 3311 1053 3409 quis
1066 3309 1176 3384 fuerit
1192 3308 1296 3383 hicce
1309 3305 1470 3382 Thomas
1488 3305 1587 3400 llud,
1607 3314 1670 3412 qui
1687 3314 1793 3391 Cata·

229 3504 354 3602 logum
370 3514 534 3578 nostrum
553 3501 661 3580 MSS.
679 3515 753 3578 tam
772 3503 937 3604 diligenti
960 3507 1047 3580 curd
1065 3505 1236 3578 exaravit.
1287 3503 1374 3577 Non
1391 3504 1505 3581 multa
1520 3507 1688 3607 profecto
1711 3525 1797 3592 sunt

230 3727 312 3803 quae
330 3703 376 3777 de
393 3702 456 3777 illo
473 3703 643 3802 colligere
659 3703 756 3792 licet,
776 3729 894 3803 neque
912 3729 956 3778 ea
971 3704 1119 3803 quidem
1137 3703 1332 3778 admoddm
1349 3706 1476 3780 notatu
1492 3706 1628 3807 digua;
1647 3737 1731 3812 quae
1747 3724 1798 3790 ta-

230 3925 315 3976 men
332 3901 550 3989 euoluerint,
568 3900 629 3976 vel
646 3902 691 3974 ab
708 3900 785 4022 aliis
802 3901 1055 3990 audiverimus,
1073 3902 1198 4000 paucis
1215 3903 1351 4000 accipe.

290 4099 404 4173 Filius
421 4109 499 4171 erat
514 4101 602 4174 naht
626 4097 808 4172 secundus
825 4097 979 4172 Thomae
994 4096 1096 4202 Eud,
1124 4096 1298 4172 Ecclesiae
1323 4097 1370 4173 de
1387 4098 1640 4197 Longnewton
1656 4104 1694 4176 in
1711 4127 1799 4202 egro

232 4294 474 4370 Dunelmensi
504 4294 683 4382 Rectoris,
719 4295 826 4368 antei
853 4319 951 4384 vero,
980 4307 1024 4369 ut
1047 4320 1069 4367 a
1097 4294 1217 4393 lapide
1246 4293 1324 4392 ejus
1357 4295 1573 4395 sepulchrali
1596 4323 1798 4393 monemur,

233 4503 257 4537 “
268 4493 531 4592 quinquaginta
547 4493 650 4568 annis
667 4491 843 4568 Ecclesiae
859 4491 1130 4567 Stocktonensis
1149 4491 1348 4566 Ministri.”

281 4691 399 4765 Natus
416 4701 471 4765 est
494 4691 606 4788 igitur
623 4688 846 4764 Stocktoniae
862 4713 971 4790 super
987 4688 1132 4766 Teisam
1150 4713 1246 4764 auno
1264 4686 1372 4775 1667.
1434 4687 1521 4776 Quo
1536 4687 1625 4764 ludo
1641 4688 1799 4766 literario

232 4889 348 4987 prima
374 4887 550 4962 doctrinae
574 4886 781 4962 rudimenta
804 4885 973 4976 hauserit,
1000 4910 1073 4960 non
1099 4895 1223 4985 patet3
1254 4883 1325 4958 hoc
1349 4883 1490 4958 tantum
1519 4909 1586 4983 pro
1612 4897 1799 4985 comperto

232 5083 419 5173 hahemus,
437 5083 540 5159 illum
557 5083 714 5183 Collegii
732 5083 804 5158 S.S.
824 5083 1012 5159 Trinitatis
1028 5083 1127 5183 apud
1144 5081 1459 5179 cantabrigienses
1475 5077 1586 5156 fuisse
1603 5082 1798 5181 aliquando

231 5277 432 5352 alumnum.

283 5475 472 5576 Quicquid
487 5477 664 5552 bonarum
688 5475 872 5551 literarum
889 5478 928 5548 in
946 5475 1148 5552 Academia
1165 5475 1311 5572 juvenis
1327 5480 1549 5571 perceperat,
1575 5469 1615 5544 id
1630 5471 1799 5550 nimium

234 5673 334 5747 haud
348 5673 460 5772 longi
485 5675 586 5748 mord
611 5675 822 5774 interposite
840 5673 1068 5772 Reipublicae
1091 5671 1276 5765 reddidit,
1303 5695 1399 5746 anno
1415 5672 1512 5746 enim
1540 5669 1635 5757 1697
1655 5671 1800 5751 Scholoe

231 5868 498 5946 Grammatices
515 5869 773 5946 Dunelmerrsis
792 5869 1110 5947 Archididascalus
1123 5870 1339 5946 constitutus
1355 5879 1422 5943 est.
1474 5865 1561 5942 Post
1573 5867 1665 5942 duos
1674 5893 1799 5961 annos,

234 6065 275 6140 in
290 6065 558 6143 Novocastrum
582 6065 779 6165 profectus,
808 6067 915 6146 simili
931 6067 1049 6150 officio
1065 6071 1103 6146 in
1122 6067 1241 6168 Regii
1257 6063 1389 6143 Schold
1412 6065 1515 6142 istius
1531 6063 1657 6164 oppidi
1671 6061 1801 6171 funge-
