<?xml version="1.0" encoding="UTF-8"?>
<!DOCTYPE html PUBLIC "-//W3C//DTD XHTML 1.0 Transitional//EN"
    "http://www.w3.org/TR/xhtml1/DTD/xhtml1-transitional.dtd">
<html xmlns="http://www.w3.org/1999/xhtml" xml:lang="en" lang="en">
 <head>
  <title>
</title>
<meta http-equiv="Content-Type" content="text/html;charset=utf-8" />
  <meta name='ocr-system' content='tesseract 3.04.00' />
  <meta name='ocr-capabilities' content='ocr_page ocr_carea ocr_par ocr_line ocrx_word'/>
</head>
<body>
  <div class='ocr_page' id='page_1' title='image "./codicummanuscri00librgoog/codicummanuscri00librgoog_0210.png"; bbox 0 0 4640 7842; ppageno 0'>
   <div class='ocr_carea' id='block_1_1' title="bbox 561 991 1517 1094">
    <p class='ocr_par' dir='ltr' id='par_1_1' title="bbox 561 991 1517 1094">
     <span class='ocr_line' id='line_1_1' title="bbox 561 991 1517 1094; baseline -0.002 -12"><span class='ocrx_word' id='word_1_1' title='bbox 561 1006 633 1094; x_wconf 84' lang='lat'>196</span> <span class='ocrx_word' id='word_1_2' title='bbox 767 991 772 1004; x_wconf 78' lang='grc'><strong>’</strong></span> <span class='ocrx_word' id='word_1_3' title='bbox 1079 1025 1236 1080; x_wconf 77' lang='lat' dir='ltr'>comeus</span> <span class='ocrx_word' id='word_1_4' title='bbox 1260 1025 1517 1080; x_wconf 80' lang='lat' dir='ltr'>unuuscnnrr</span> 
     </span>
    </p>
   </div>
   <div class='ocr_carea' id='block_1_2' title="bbox 329 1227 2055 2638">
    <p class='ocr_par' dir='ltr' id='par_1_2' title="bbox 329 1227 2055 2638">
     <span class='ocr_line' id='line_1_2' title="bbox 329 1227 2055 1320; baseline 0.001 -22"><span class='ocrx_word' id='word_1_5' title='bbox 329 1227 372 1306; x_wconf 91' lang='grc' dir='ltr'>Β.</span> <span class='ocrx_word' id='word_1_6' title='bbox 392 1227 459 1304; x_wconf 89' lang='lat' dir='ltr'>IV.</span> <span class='ocrx_word' id='word_1_7' title='bbox 474 1239 534 1316; x_wconf 77' lang='lat'>19,</span> <span class='ocrx_word' id='word_1_8' title='bbox 659 1251 768 1298; x_wconf 85' lang='lat' dir='ltr'>omnes</span> <span class='ocrx_word' id='word_1_9' title='bbox 782 1227 919 1296; x_wconf 77' lang='lat' dir='ltr'>maxime</span> <span class='ocrx_word' id='word_1_10' title='bbox 933 1230 1125 1312; x_wconf 76' lang='lat' dir='ltr'>mmoantur)</span> <span class='ocrx_word' id='word_1_11' title='bbox 1143 1227 1311 1318; x_wconf 73' lang='lat' dir='ltr'>Legendn</span> <span class='ocrx_word' id='word_1_12' title='bbox 1325 1251 1437 1298; x_wconf 84' lang='lat' dir='ltr'>vocare</span> <span class='ocrx_word' id='word_1_13' title='bbox 1452 1229 1613 1307; x_wconf 71' lang='lat' dir='ltr'>solebant:</span> <span class='ocrx_word' id='word_1_14' title='bbox 1635 1251 1675 1294; x_wconf 87' lang='lat' dir='ltr'>eo</span> <span class='ocrx_word' id='word_1_15' title='bbox 1689 1229 1803 1298; x_wconf 82' lang='lat' dir='ltr'>ordine</span> <span class='ocrx_word' id='word_1_16' title='bbox 1817 1231 1986 1320; x_wconf 68' lang='lat' dir='ltr'>disposite,</span> <span class='ocrx_word' id='word_1_17' title='bbox 2002 1251 2055 1316; x_wconf 56' lang='lat' dir='ltr'>ut,</span> 
     </span>
     <span class='ocr_line' id='line_1_3' title="bbox 340 1327 1639 1432; baseline -0.002 -23"><span class='ocrx_word' id='word_1_18' title='bbox 340 1327 460 1378; x_wconf 59' lang='lat' dir='ltr'>‘mm</span> <span class='ocrx_word' id='word_1_19' title='bbox 659 1367 731 1432; x_wconf 80' lang='lat' dir='ltr'>quae</span> <span class='ocrx_word' id='word_1_20' title='bbox 746 1343 883 1430; x_wconf 82' lang='lat' dir='ltr'>ejusdem</span> <span class='ocrx_word' id='word_1_21' title='bbox 899 1341 1264 1429; x_wconf 80' lang='lat' dir='ltr'>autsimilisargumenti</span> <span class='ocrx_word' id='word_1_22' title='bbox 1280 1341 1639 1430; x_wconf 76' lang='lat' dir='ltr'>sintsimuljungantur.</span> 
     </span>
     <span class='ocr_line' id='line_1_4' title="bbox 619 1453 2035 1544; baseline 0.003 -22"><span class='ocrx_word' id='word_1_23' title='bbox 619 1457 700 1522; x_wconf 84' lang='lat' dir='ltr'>Sunt</span> <span class='ocrx_word' id='word_1_24' title='bbox 713 1467 818 1522; x_wconf 84' lang='lat' dir='ltr'>autem</span> <span class='ocrx_word' id='word_1_25' title='bbox 835 1455 1050 1520; x_wconf 78' lang='lat' dir='ltr'>Historiarum</span> <span class='ocrx_word' id='word_1_26' title='bbox 1062 1455 1277 1544; x_wconf 75' lang='lat' dir='ltr'><strong>Argumenta:</strong></span> <span class='ocrx_word' id='word_1_27' title='bbox 1301 1453 1374 1518; x_wconf 87' lang='lat' dir='ltr'>“de</span> <span class='ocrx_word' id='word_1_28' title='bbox 1391 1453 1508 1518; x_wconf 87' lang='lat' dir='ltr'>Christi</span> <span class='ocrx_word' id='word_1_29' title='bbox 1525 1453 2035 1526; x_wconf 76' lang='lat' dir='ltr'>stalli—Passione-Resurreo</span> 
     </span>
     <span class='ocr_line' id='line_1_5' title="bbox 660 1565 2034 1636; baseline 0.004 -4"><span class='ocrx_word' id='word_1_30' title='bbox 660 1576 683 1610; x_wconf 79' lang='lat'>‘⁶</span> <span class='ocrx_word' id='word_1_31' title='bbox 696 1567 801 1632; x_wconf 89' lang='lat' dir='ltr'>tione:</span> <span class='ocrx_word' id='word_1_32' title='bbox 824 1565 866 1632; x_wconf 87' lang='lat' dir='ltr'>de</span> <span class='ocrx_word' id='word_1_33' title='bbox 881 1565 1097 1632; x_wconf 83' lang='lat' dir='ltr'>Eucharistiir:</span> <span class='ocrx_word' id='word_1_34' title='bbox 1120 1565 1161 1631; x_wconf 85' lang='lat' dir='ltr'>de</span> <span class='ocrx_word' id='word_1_35' title='bbox 1176 1565 1293 1632; x_wconf 89' lang='lat' dir='ltr'>Mortis</span> <span class='ocrx_word' id='word_1_36' title='bbox 1309 1565 1428 1632; x_wconf 79' lang='lat' dir='ltr'>Christi</span> <span class='ocrx_word' id='word_1_37' title='bbox 1448 1567 1624 1633; x_wconf 77' lang='lat' dir='ltr'><strong>mentione:</strong></span> <span class='ocrx_word' id='word_1_38' title='bbox 1646 1567 1688 1632; x_wconf 91' lang='lat' dir='ltr'>de</span> <span class='ocrx_word' id='word_1_39' title='bbox 1704 1569 1829 1635; x_wconf 78' lang='lat' dir='ltr'>Virtute</span> <span class='ocrx_word' id='word_1_40' title='bbox 1852 1571 1980 1636; x_wconf 83' lang='lat' dir='ltr'>Crucis:</span> <span class='ocrx_word' id='word_1_41' title='bbox 2002 1585 2034 1636; x_wconf 79' lang='lat' dir='ltr'>ct</span> 
     </span>
     <span class='ocr_line' id='line_1_6' title="bbox 662 1677 850 1744; baseline 0 0"><span class='ocrx_word' id='word_1_42' title='bbox 662 1688 684 1722; x_wconf 80' lang='lat'>‘⁶</span> <span class='ocrx_word' id='word_1_43' title='bbox 700 1677 850 1744; x_wconf 86' lang='lat' dir='ltr'>Similia.”</span> 
     </span>
     <span class='ocr_line' id='line_1_7' title="bbox 616 1788 1249 1878; baseline -0.005 -21"><span class='ocrx_word' id='word_1_44' title='bbox 616 1790 824 1878; x_wconf 79' lang='lat' dir='ltr'>Imperfectus</span> <span class='ocrx_word' id='word_1_45' title='bbox 838 1803 886 1856; x_wconf 74' lang='lat' dir='ltr'>est</span> <span class='ocrx_word' id='word_1_46' title='bbox 899 1788 951 1854; x_wconf 89' lang='lat' dir='ltr'>hic</span> <span class='ocrx_word' id='word_1_47' title='bbox 965 1801 1114 1856; x_wconf 72' lang='lat' dir='ltr'>occutus</span> <span class='ocrx_word' id='word_1_48' title='bbox 1129 1791 1162 1854; x_wconf 87' lang='lat' dir='ltr'>in</span> <span class='ocrx_word' id='word_1_49' title='bbox 1176 1790 1249 1856; x_wconf 86' lang='lat' dir='ltr'>fine.</span> 
     </span>
     <span class='ocr_line' id='line_1_8' title="bbox 616 1899 2034 1990; baseline 0.001 -21"><span class='ocrx_word' id='word_1_50' title='bbox 616 1903 758 1988; x_wconf 87' lang='lat' dir='ltr'>Scriptor</span> <span class='ocrx_word' id='word_1_51' title='bbox 782 1901 859 1966; x_wconf 89' lang='lat' dir='ltr'>mihi</span> <span class='ocrx_word' id='word_1_52' title='bbox 881 1903 1006 1989; x_wconf 77' lang='lat' dir='ltr'>ignotus</span> <span class='ocrx_word' id='word_1_53' title='bbox 1028 1913 1094 1966; x_wconf 84' lang='lat' dir='ltr'>est:</span> <span class='ocrx_word' id='word_1_54' title='bbox 1120 1900 1327 1967; x_wconf 75' lang='lat' dir='ltr'>Sed-ridemr</span> <span class='ocrx_word' id='word_1_55' title='bbox 1348 1899 1442 1965; x_wconf 82' lang='lat' dir='ltr'>fuisse</span> <span class='ocrx_word' id='word_1_56' title='bbox 1464 1901 1598 1990; x_wconf 83' lang='lat' dir='ltr'>Anglns.</span> <span class='ocrx_word' id='word_1_57' title='bbox 1644 1901 1841 1968; x_wconf 87' lang='lat' dir='ltr'>Mentionem</span> <span class='ocrx_word' id='word_1_58' title='bbox 1863 1905 1947 1969; x_wconf 90' lang='lat' dir='ltr'>enim</span> <span class='ocrx_word' id='word_1_59' title='bbox 1961 1905 2034 1972; x_wconf 86' lang='lat' dir='ltr'>facit</span> 
     </span>
     <span class='ocr_line' id='line_1_9' title="bbox 656 2011 2032 2100; baseline 0.004 -23"><span class='ocrx_word' id='word_1_60' title='bbox 656 2013 745 2100; x_wconf 87' lang='lat' dir='ltr'>(folio</span> <span class='ocrx_word' id='word_1_61' title='bbox 754 2021 806 2092; x_wconf 90' lang='grc'>88,</span> <span class='ocrx_word' id='word_1_62' title='bbox 818 2013 863 2096; x_wconf 88' lang='lat' dir='ltr'>b.)</span> <span class='ocrx_word' id='word_1_63' title='bbox 879 2011 961 2077; x_wconf 83' lang='lat' dir='ltr'>villae</span> <span class='ocrx_word' id='word_1_64' title='bbox 974 2011 1181 2090; x_wconf 77' lang='lat' dir='ltr'>Honestleiae,</span> <span class='ocrx_word' id='word_1_65' title='bbox 1191 2023 1223 2076; x_wconf 87' lang='lat' dir='ltr'>et</span> <span class='ocrx_word' id='word_1_66' title='bbox 1236 2012 1265 2075; x_wconf 88' lang='lat' dir='ltr'>ei</span> <span class='ocrx_word' id='word_1_67' title='bbox 1276 2011 1387 2074; x_wconf 78' lang='lat' dir='ltr'>vicinae</span> <span class='ocrx_word' id='word_1_68' title='bbox 1396 2011 1545 2090; x_wconf 78' lang='lat' dir='ltr'>Aruleiae,</span> <span class='ocrx_word' id='word_1_69' title='bbox 1557 2025 1704 2100; x_wconf 78' lang='lat' dir='ltr'>tarrquam</span> <span class='ocrx_word' id='word_1_70' title='bbox 1714 2015 1772 2078; x_wconf 83' lang='lat' dir='ltr'>sibi</span> <span class='ocrx_word' id='word_1_71' title='bbox 1781 2027 1885 2082; x_wconf 77' lang='lat' dir='ltr'>notre:</span> <span class='ocrx_word' id='word_1_72' title='bbox 1903 2015 1961 2082; x_wconf 70' lang='lat' dir='ltr'>Est</span> <span class='ocrx_word' id='word_1_73' title='bbox 1975 2039 2032 2082; x_wconf 88' lang='lat' dir='ltr'>au·</span> 
     </span>
     <span class='ocr_line' id='line_1_10' title="bbox 648 2123 2031 2212; baseline 0.003 -22"><span class='ocrx_word' id='word_1_74' title='bbox 648 2136 719 2190; x_wconf 80' lang='lat' dir='ltr'>tem</span> <span class='ocrx_word' id='word_1_75' title='bbox 730 2125 828 2212; x_wconf 82' lang='lat' dir='ltr'>Arley</span> <span class='ocrx_word' id='word_1_76' title='bbox 843 2124 928 2188; x_wconf 89' lang='lat' dir='ltr'>Villa</span> <span class='ocrx_word' id='word_1_77' title='bbox 942 2123 1010 2212; x_wconf 80' lang='lat' dir='ltr'>egri</span> <span class='ocrx_word' id='word_1_78' title='bbox 1027 2123 1260 2188; x_wconf 76' lang='lat' dir='ltr'>warwicensis.</span> <span class='ocrx_word' id='word_1_79' title='bbox 1306 2123 1350 2188; x_wconf 86' lang='lat' dir='ltr'>Et</span> <span class='ocrx_word' id='word_1_80' title='bbox 1359 2123 1393 2186; x_wconf 89' lang='lat' dir='ltr'>in</span> <span class='ocrx_word' id='word_1_81' title='bbox 1406 2123 1515 2188; x_wconf 82' lang='lat' dir='ltr'>eidem</span> <span class='ocrx_word' id='word_1_82' title='bbox 1526 2125 1640 2212; x_wconf 79' lang='lat' dir='ltr'>pagini</span> <span class='ocrx_word' id='word_1_83' title='bbox 1655 2147 1785 2190; x_wconf 84' lang='lat' dir='ltr'>narrans</span> <span class='ocrx_word' id='word_1_84' title='bbox 1802 2125 1977 2191; x_wconf 80' lang='lat' dir='ltr'>Historiam</span> <span class='ocrx_word' id='word_1_85' title='bbox 1989 2128 2031 2194; x_wconf 85' lang='lat' dir='ltr'>de</span> 
     </span>
     <span class='ocr_line' id='line_1_11' title="bbox 655 2232 2028 2321; baseline 0.002 -21"><span class='ocrx_word' id='word_1_86' title='bbox 655 2235 800 2300; x_wconf 77' lang='lat' dir='ltr'>familiari</span> <span class='ocrx_word' id='word_1_87' title='bbox 815 2233 952 2321; x_wconf 86' lang='lat' dir='ltr'>quodam</span> <span class='ocrx_word' id='word_1_88' title='bbox 974 2257 1042 2312; x_wconf 85' lang='lat' dir='ltr'>suo,</span> <span class='ocrx_word' id='word_1_89' title='bbox 1058 2235 1111 2314; x_wconf 84' lang='lat' dir='ltr'>ait,</span> <span class='ocrx_word' id='word_1_90' title='bbox 1128 2232 1315 2299; x_wconf 82' lang='lat' dir='ltr'>Daemonem</span> <span class='ocrx_word' id='word_1_91' title='bbox 1339 2233 1371 2296; x_wconf 89' lang='lat' dir='ltr'>in</span> <span class='ocrx_word' id='word_1_92' title='bbox 1391 2232 1490 2300; x_wconf 77' lang='lat' dir='ltr'>formis</span> <span class='ocrx_word' id='word_1_93' title='bbox 1512 2233 1607 2300; x_wconf 84' lang='lat' dir='ltr'>Canis</span> <span class='ocrx_word' id='word_1_94' title='bbox 1628 2235 1657 2299; x_wconf 94' lang='lat' dir='ltr'>ei</span> <span class='ocrx_word' id='word_1_95' title='bbox 1679 2235 1711 2298; x_wconf 89' lang='lat' dir='ltr'>in</span> <span class='ocrx_word' id='word_1_96' title='bbox 1725 2235 1786 2300; x_wconf 78' lang='lat' dir='ltr'>vit</span> <span class='ocrx_word' id='word_1_97' title='bbox 1802 2251 2028 2317; x_wconf 86' lang='lat' dir='ltr'>occurrentem,</span> 
     </span>
     <span class='ocr_line' id='line_1_12' title="bbox 656 2343 1858 2436; baseline -0.002 -23"><span class='ocrx_word' id='word_1_98' title='bbox 656 2347 793 2436; x_wconf 82' lang='lat' dir='ltr'>Anglioo</span> <span class='ocrx_word' id='word_1_99' title='bbox 807 2368 950 2411; x_wconf 88' lang='lat' dir='ltr'>sermone</span> <span class='ocrx_word' id='word_1_100' title='bbox 965 2346 1134 2410; x_wconf 86' lang='lat' dir='ltr'>allocutum</span> <span class='ocrx_word' id='word_1_101' title='bbox 1149 2343 1262 2422; x_wconf 74' lang='lat' dir='ltr'>fuisse:</span> <span class='ocrx_word' id='word_1_102' title='bbox 1285 2345 1335 2409; x_wconf 92' lang='lat' dir='ltr'>cui</span> <span class='ocrx_word' id='word_1_103' title='bbox 1351 2345 1402 2410; x_wconf 89' lang='lat' dir='ltr'>ille</span> <span class='ocrx_word' id='word_1_104' title='bbox 1418 2345 1525 2409; x_wconf 87' lang='lat' dir='ltr'>itidem</span> <span class='ocrx_word' id='word_1_105' title='bbox 1541 2344 1674 2434; x_wconf 74' lang='lat' dir='ltr'>Angliee</span> <span class='ocrx_word' id='word_1_106' title='bbox 1689 2347 1858 2430; x_wconf 81' lang='lat' dir='ltr'>respondit.</span> 
     </span>
     <span class='ocr_line' id='line_1_13' title="bbox 612 2455 2031 2548; baseline -0.001 -22"><span class='ocrx_word' id='word_1_107' title='bbox 612 2459 753 2544; x_wconf 88' lang='lat' dir='ltr'>Scriptus</span> <span class='ocrx_word' id='word_1_108' title='bbox 768 2471 815 2524; x_wconf 85' lang='lat' dir='ltr'>est</span> <span class='ocrx_word' id='word_1_109' title='bbox 829 2458 880 2524; x_wconf 92' lang='lat' dir='ltr'>hic</span> <span class='ocrx_word' id='word_1_110' title='bbox 895 2458 976 2523; x_wconf 88' lang='lat' dir='ltr'>liber</span> <span class='ocrx_word' id='word_1_111' title='bbox 996 2457 1086 2523; x_wconf 88' lang='lat' dir='ltr'>lineis</span> <span class='ocrx_word' id='word_1_112' title='bbox 1101 2458 1274 2535; x_wconf 80' lang='lat' dir='ltr'>coutinuis3</span> <span class='ocrx_word' id='word_1_113' title='bbox 1297 2455 1393 2523; x_wconf 85' lang='lat' dir='ltr'>literis</span> <span class='ocrx_word' id='word_1_114' title='bbox 1408 2455 1587 2544; x_wconf 84' lang='lat' dir='ltr'>majoribus,</span> <span class='ocrx_word' id='word_1_115' title='bbox 1610 2457 1803 2537; x_wconf 82' lang='lat' dir='ltr'>acuminatis,</span> <span class='ocrx_word' id='word_1_116' title='bbox 1818 2457 2031 2548; x_wconf 76' lang='lat' dir='ltr'>elegentibus:</span> 
     </span>
     <span class='ocr_line' id='line_1_14' title="bbox 658 2571 1071 2638; baseline -0.005 -2"><span class='ocrx_word' id='word_1_117' title='bbox 658 2585 730 2636; x_wconf 86' lang='lat' dir='ltr'>ante</span> <span class='ocrx_word' id='word_1_118' title='bbox 744 2593 843 2636; x_wconf 84' lang='lat' dir='ltr'>annos</span> <span class='ocrx_word' id='word_1_119' title='bbox 858 2571 981 2636; x_wconf 88' lang='lat' dir='ltr'>circiter</span> <span class='ocrx_word' id='word_1_120' title='bbox 995 2579 1071 2638; x_wconf 88' lang='grc'><strong>400.</strong></span> 
     </span>
    </p>
   </div>
   <div class='ocr_carea' id='block_1_3' title="bbox 465 2855 1386 2958">
    <p class='ocr_par' dir='ltr' id='par_1_3' title="bbox 465 2855 1386 2958">
     <span class='ocr_line' id='line_1_15' title="bbox 465 2855 1386 2958; baseline -0.003 -23"><span class='ocrx_word' id='word_1_121' title='bbox 465 2866 524 2936; x_wconf 85' lang='grc'>80.</span> <span class='ocrx_word' id='word_1_122' title='bbox 552 2857 784 2935; x_wconf 79' lang='lat' dir='ltr'>Bnnunnnus</span> <span class='ocrx_word' id='word_1_123' title='bbox 801 2870 840 2934; x_wconf 90' lang='lat' dir='ltr'>et</span> <span class='ocrx_word' id='word_1_124' title='bbox 856 2857 927 2957; x_wconf 86' lang='lat' dir='ltr'>aiij.</span> <span class='ocrx_word' id='word_1_125' title='bbox 979 2857 1095 2958; x_wconf 90' lang='lat' dir='ltr'>[Sunt</span> <span class='ocrx_word' id='word_1_126' title='bbox 1114 2855 1308 2932; x_wconf 80' lang='lat' dir='ltr'>Tractatris</span> <span class='ocrx_word' id='word_1_127' title='bbox 1325 2858 1386 2954; x_wconf 92' lang='lat'>7.]</span> 
     </span>
    </p>
   </div>
   <div class='ocr_carea' id='block_1_4' title="bbox 555 3003 2033 3762">
    <p class='ocr_par' dir='ltr' id='par_1_4' title="bbox 555 3003 1254 3074">
     <span class='ocr_line' id='line_1_16' title="bbox 555 3003 1254 3074; baseline -0.006 -1"><span class='ocrx_word' id='word_1_128' title='bbox 555 3019 583 3073; x_wconf 92' lang='grc'><strong>1.</strong></span> <span class='ocrx_word' id='word_1_129' title='bbox 608 3009 791 3074; x_wconf 82' lang='lat' dir='ltr'>Banuannr</span> <span class='ocrx_word' id='word_1_130' title='bbox 810 3007 994 3071; x_wconf 70' lang='lat' dir='ltr'>Suessiones</span> <span class='ocrx_word' id='word_1_131' title='bbox 1010 3025 1054 3068; x_wconf 86' lang='lat' dir='ltr'>nn</span> <span class='ocrx_word' id='word_1_132' title='bbox 1071 3003 1254 3070; x_wconf 75' lang='lat' dir='ltr'>Teneone.</span> 
     </span>
    </p>

    <p class='ocr_par' dir='ltr' id='par_1_5' title="bbox 611 3109 2033 3652">
     <span class='ocr_line' id='line_1_17' title="bbox 611 3109 2030 3203; baseline -0.003 -19"><span class='ocrx_word' id='word_1_133' title='bbox 611 3119 769 3196; x_wconf 86' lang='lat' dir='ltr'>Quoniam</span> <span class='ocrx_word' id='word_1_134' title='bbox 789 3117 955 3180; x_wconf 81' lang='lat' dir='ltr'>Sermones</span> <span class='ocrx_word' id='word_1_135' title='bbox 969 3137 1071 3203; x_wconf 90' lang='lat' dir='ltr'>neque</span> <span class='ocrx_word' id='word_1_136' title='bbox 1090 3127 1138 3179; x_wconf 88' lang='lat' dir='ltr'>tot</span> <span class='ocrx_word' id='word_1_137' title='bbox 1151 3127 1225 3179; x_wconf 87' lang='lat' dir='ltr'>aunt</span> <span class='ocrx_word' id='word_1_138' title='bbox 1238 3135 1380 3192; x_wconf 75' lang='lat' dir='ltr'>numero,</span> <span class='ocrx_word' id='word_1_139' title='bbox 1404 3134 1463 3179; x_wconf 88' lang='lat' dir='ltr'>neo</span> <span class='ocrx_word' id='word_1_140' title='bbox 1476 3112 1587 3178; x_wconf 86' lang='lat' dir='ltr'>codem</span> <span class='ocrx_word' id='word_1_141' title='bbox 1602 3109 1712 3180; x_wconf 83' lang='lat' dir='ltr'>ordine</span> <span class='ocrx_word' id='word_1_142' title='bbox 1726 3113 1945 3200; x_wconf 86' lang='lat' dir='ltr'>disponuntur,</span> <span class='ocrx_word' id='word_1_143' title='bbox 1967 3139 2030 3203; x_wconf 92' lang='lat' dir='ltr'>quo</span> 
     </span>
     <span class='ocr_line' id='line_1_18' title="bbox 651 3225 2031 3316; baseline -0.001 -22"><span class='ocrx_word' id='word_1_144' title='bbox 651 3231 799 3316; x_wconf 79' lang='lat' dir='ltr'>leguntur</span> <span class='ocrx_word' id='word_1_145' title='bbox 813 3229 846 3290; x_wconf 91' lang='lat' dir='ltr'>in</span> <span class='ocrx_word' id='word_1_146' title='bbox 868 3227 955 3291; x_wconf 91' lang='lat' dir='ltr'>libris</span> <span class='ocrx_word' id='word_1_147' title='bbox 970 3227 1071 3304; x_wconf 86' lang='lat' dir='ltr'>editis,</span> <span class='ocrx_word' id='word_1_148' title='bbox 1094 3249 1159 3291; x_wconf 91' lang='lat' dir='ltr'>non</span> <span class='ocrx_word' id='word_1_149' title='bbox 1174 3227 1291 3292; x_wconf 87' lang='lat' dir='ltr'>inutilis</span> <span class='ocrx_word' id='word_1_150' title='bbox 1313 3227 1373 3292; x_wconf 87' lang='lat' dir='ltr'>erit</span> <span class='ocrx_word' id='word_1_151' title='bbox 1393 3225 1555 3292; x_wconf 89' lang='lat' dir='ltr'>Indioulus</span> <span class='ocrx_word' id='word_1_152' title='bbox 1577 3227 1635 3292; x_wconf 86' lang='lat' dir='ltr'>iste</span> <span class='ocrx_word' id='word_1_153' title='bbox 1650 3229 1698 3304; x_wconf 86' lang='lat' dir='ltr'>iis,</span> <span class='ocrx_word' id='word_1_154' title='bbox 1721 3229 1834 3314; x_wconf 88' lang='lat' dir='ltr'>quibos</span> <span class='ocrx_word' id='word_1_155' title='bbox 1849 3229 1971 3294; x_wconf 87' lang='lat' dir='ltr'>animus</span> <span class='ocrx_word' id='word_1_156' title='bbox 1985 3239 2031 3292; x_wconf 82' lang='lat' dir='ltr'>est</span> 
     </span>
     <span class='ocr_line' id='line_1_19' title="bbox 649 3335 2031 3426; baseline -0.001 -22"><span class='ocrx_word' id='word_1_157' title='bbox 649 3341 735 3404; x_wconf 91' lang='lat' dir='ltr'>hunc</span> <span class='ocrx_word' id='word_1_158' title='bbox 752 3339 873 3404; x_wconf 75' lang='lat' dir='ltr'>Mttum</span> <span class='ocrx_word' id='word_1_159' title='bbox 889 3361 961 3404; x_wconf 90' lang='lat' dir='ltr'>cum</span> <span class='ocrx_word' id='word_1_160' title='bbox 975 3339 1133 3424; x_wconf 87' lang='lat' dir='ltr'>impressis</span> <span class='ocrx_word' id='word_1_161' title='bbox 1150 3339 1321 3404; x_wconf 85' lang='lat' dir='ltr'>Codicibus</span> <span class='ocrx_word' id='word_1_162' title='bbox 1336 3337 1487 3416; x_wconf 87' lang='lat' dir='ltr'>conferre,</span> <span class='ocrx_word' id='word_1_163' title='bbox 1503 3350 1539 3402; x_wconf 91' lang='lat' dir='ltr'>ut</span> <span class='ocrx_word' id='word_1_164' title='bbox 1552 3335 1672 3403; x_wconf 81' lang='lat' dir='ltr'>fecilitis</span> <span class='ocrx_word' id='word_1_165' title='bbox 1687 3339 1771 3426; x_wconf 89' lang='lat' dir='ltr'>quod</span> <span class='ocrx_word' id='word_1_166' title='bbox 1786 3353 1931 3425; x_wconf 85' lang='lat' dir='ltr'>quaerunt</span> <span class='ocrx_word' id='word_1_167' title='bbox 1945 3339 2031 3403; x_wconf 90' lang='lat' dir='ltr'>inve-</span> 
     </span>
     <span class='ocr_line' id='line_1_20' title="bbox 650 3448 2033 3537; baseline -0.001 -21"><span class='ocrx_word' id='word_1_168' title='bbox 650 3452 747 3516; x_wconf 84' lang='lat' dir='ltr'>niant.</span> <span class='ocrx_word' id='word_1_169' title='bbox 793 3449 867 3526; x_wconf 79' lang='lat' dir='ltr'>Qut</span> <span class='ocrx_word' id='word_1_170' title='bbox 882 3450 975 3514; x_wconf 86' lang='lat' dir='ltr'>etiam</span> <span class='ocrx_word' id='word_1_171' title='bbox 989 3449 1030 3514; x_wconf 91' lang='lat' dir='ltr'>de</span> <span class='ocrx_word' id='word_1_172' title='bbox 1045 3451 1137 3516; x_wconf 80' lang='lat' dir='ltr'>causi</span> <span class='ocrx_word' id='word_1_173' title='bbox 1153 3450 1297 3536; x_wconf 88' lang='lat' dir='ltr'>inscripsi</span> <span class='ocrx_word' id='word_1_174' title='bbox 1313 3449 1425 3514; x_wconf 89' lang='lat' dir='ltr'>Codioi</span> <span class='ocrx_word' id='word_1_175' title='bbox 1440 3449 1499 3536; x_wconf 88' lang='lat' dir='ltr'>ipsi</span> <span class='ocrx_word' id='word_1_176' title='bbox 1514 3448 1708 3537; x_wconf 76' lang='lat' dir='ltr'>sirtgulorum</span> <span class='ocrx_word' id='word_1_177' title='bbox 1723 3469 1901 3515; x_wconf 83' lang='lat' dir='ltr'>sermonum</span> <span class='ocrx_word' id='word_1_178' title='bbox 1913 3451 2033 3529; x_wconf 85' lang='lat' dir='ltr'>titulos,</span> 
     </span>
     <span class='ocr_line' id='line_1_21' title="bbox 649 3561 1373 3652; baseline -0.006 -22"><span class='ocrx_word' id='word_1_179' title='bbox 649 3563 757 3652; x_wconf 89' lang='lat' dir='ltr'>quales</span> <span class='ocrx_word' id='word_1_180' title='bbox 772 3564 919 3652; x_wconf 79' lang='lat' dir='ltr'>leguntur</span> <span class='ocrx_word' id='word_1_181' title='bbox 933 3563 967 3626; x_wconf 93' lang='lat' dir='ltr'>in</span> <span class='ocrx_word' id='word_1_182' title='bbox 981 3563 1119 3628; x_wconf 87' lang='lat' dir='ltr'>editione</span> <span class='ocrx_word' id='word_1_183' title='bbox 1134 3561 1373 3628; x_wconf 79' lang='lat' dir='ltr'>Mabilioniani.</span> 
     </span>
    </p>

    <p class='ocr_par' dir='ltr' id='par_1_6' title="bbox 609 3673 1059 3762">
     <span class='ocr_line' id='line_1_22' title="bbox 609 3673 1059 3762; baseline -0.004 -20"><span class='ocrx_word' id='word_1_184' title='bbox 609 3677 690 3742; x_wconf 85' lang='lat' dir='ltr'>Sunt</span> <span class='ocrx_word' id='word_1_185' title='bbox 704 3675 800 3762; x_wconf 82' lang='lat' dir='ltr'>igitur</span> <span class='ocrx_word' id='word_1_186' title='bbox 814 3673 866 3740; x_wconf 88' lang='lat' dir='ltr'>hie</span> <span class='ocrx_word' id='word_1_187' title='bbox 883 3676 1059 3740; x_wconf 88' lang='lat' dir='ltr'>Sermones.</span> 
     </span>
    </p>
   </div>
   <div class='ocr_carea' id='block_1_5' title="bbox 607 3805 1473 6112">
    <p class='ocr_par' dir='ltr' id='par_1_7' title="bbox 607 3805 1473 6112">
     <span class='ocr_line' id='line_1_23' title="bbox 1050 3805 1448 3873; baseline -0.01 0"><span class='ocrx_word' id='word_1_188' title='bbox 1050 3807 1237 3873; x_wconf 75' lang='lat' dir='ltr'>Sannouns</span> <span class='ocrx_word' id='word_1_189' title='bbox 1254 3805 1448 3872; x_wconf 80' lang='lat' dir='ltr'>anuaenr.</span> 
     </span>
     <span class='ocr_line' id='line_1_24' title="bbox 609 3917 1274 3985; baseline -0.008 0"><span class='ocrx_word' id='word_1_190' title='bbox 609 3929 631 3964; x_wconf 86' lang='lat'><strong>“</strong></span> <span class='ocrx_word' id='word_1_191' title='bbox 648 3920 701 3985; x_wconf 88' lang='lat' dir='ltr'>De</span> <span class='ocrx_word' id='word_1_192' title='bbox 717 3919 867 3984; x_wconf 81' lang='lat' dir='ltr'>Adventu</span> <span class='ocrx_word' id='word_1_193' title='bbox 882 3917 1031 3982; x_wconf 90' lang='lat' dir='ltr'>Domini:</span> <span class='ocrx_word' id='word_1_194' title='bbox 1057 3926 1086 3982; x_wconf 93' lang='lat'>1.</span> <span class='ocrx_word' id='word_1_195' title='bbox 1102 3925 1133 3982; x_wconf 89' lang='grc'>8.</span> <span class='ocrx_word' id='word_1_196' title='bbox 1150 3927 1180 3983; x_wconf 96' lang='grc'>8.</span> <span class='ocrx_word' id='word_1_197' title='bbox 1195 3926 1227 3982; x_wconf 90' lang='grc'><strong>4.</strong></span> <span class='ocrx_word' id='word_1_198' title='bbox 1244 3925 1274 3982; x_wconf 81' lang='grc'><strong>5.</strong></span> 
     </span>
     <span class='ocr_line' id='line_1_25' title="bbox 609 4029 1135 4118; baseline -0.008 -22"><span class='ocrx_word' id='word_1_199' title='bbox 609 4041 630 4076; x_wconf 84' lang='grc'><strong>“</strong></span> <span class='ocrx_word' id='word_1_200' title='bbox 646 4031 684 4096; x_wconf 91' lang='lat' dir='ltr'>In</span> <span class='ocrx_word' id='word_1_201' title='bbox 702 4029 818 4118; x_wconf 74' lang='lat' dir='ltr'>vigilis</span> <span class='ocrx_word' id='word_1_202' title='bbox 834 4029 1033 4094; x_wconf 83' lang='lat' dir='ltr'>Nativitatis:</span> <span class='ocrx_word' id='word_1_203' title='bbox 1060 4037 1088 4092; x_wconf 89' lang='lat'>1.</span> <span class='ocrx_word' id='word_1_204' title='bbox 1105 4035 1135 4092; x_wconf 88' lang='grc'>8.</span> 
     </span>
     <span class='ocr_line' id='line_1_26' title="bbox 609 4135 1188 4206; baseline -0.009 0"><span class='ocrx_word' id='word_1_205' title='bbox 609 4151 631 4186; x_wconf 81' lang='grc'><strong>“</strong></span> <span class='ocrx_word' id='word_1_206' title='bbox 646 4141 686 4206; x_wconf 92' lang='lat' dir='ltr'>In</span> <span class='ocrx_word' id='word_1_207' title='bbox 702 4139 874 4205; x_wconf 73' lang='lat' dir='ltr'>Nativitata</span> <span class='ocrx_word' id='word_1_208' title='bbox 887 4135 1040 4203; x_wconf 87' lang='lat' dir='ltr'>Domini:</span> <span class='ocrx_word' id='word_1_209' title='bbox 1064 4145 1094 4200; x_wconf 89' lang='grc'>8.</span> <span class='ocrx_word' id='word_1_210' title='bbox 1112 4146 1141 4203; x_wconf 86' lang='grc'>8.</span> <span class='ocrx_word' id='word_1_211' title='bbox 1157 4147 1188 4202; x_wconf 85' lang='grc'><strong>4.</strong></span> 
     </span>
     <span class='ocr_line' id='line_1_27' title="bbox 607 4245 1217 4316; baseline -0.011 1"><span class='ocrx_word' id='word_1_212' title='bbox 607 4259 630 4295; x_wconf 84' lang='grc'><strong>“</strong></span> <span class='ocrx_word' id='word_1_213' title='bbox 645 4251 685 4316; x_wconf 92' lang='lat' dir='ltr'>In</span> <span class='ocrx_word' id='word_1_214' title='bbox 701 4249 949 4315; x_wconf 89' lang='lat' dir='ltr'>Circumcisione</span> <span class='ocrx_word' id='word_1_215' title='bbox 964 4245 1116 4312; x_wconf 89' lang='lat' dir='ltr'>Domini:</span> <span class='ocrx_word' id='word_1_216' title='bbox 1140 4255 1170 4310; x_wconf 86' lang='grc'>8.</span> <span class='ocrx_word' id='word_1_217' title='bbox 1187 4257 1217 4312; x_wconf 89' lang='grc'>8.</span> 
     </span>
     <span class='ocr_line' id='line_1_28' title="bbox 608 4358 1150 4444; baseline -0.013 -17"><span class='ocrx_word' id='word_1_218' title='bbox 608 4371 630 4404; x_wconf 89' lang='grc'><strong>“</strong></span> <span class='ocrx_word' id='word_1_219' title='bbox 645 4361 686 4426; x_wconf 91' lang='lat' dir='ltr'>In</span> <span class='ocrx_word' id='word_1_220' title='bbox 701 4359 880 4444; x_wconf 75' lang='lat' dir='ltr'>Epiphauit</span> <span class='ocrx_word' id='word_1_221' title='bbox 897 4358 1048 4422; x_wconf 89' lang='lat' dir='ltr'>Domini:</span> <span class='ocrx_word' id='word_1_222' title='bbox 1076 4367 1103 4424; x_wconf 91' lang='lat'>1.</span> <span class='ocrx_word' id='word_1_223' title='bbox 1119 4365 1150 4422; x_wconf 90' lang='grc'>8.</span> 
     </span>
     <span class='ocr_line' id='line_1_29' title="bbox 608 4466 1037 4554; baseline -0.009 -16"><span class='ocrx_word' id='word_1_224' title='bbox 608 4480 630 4514; x_wconf 88' lang='grc'><strong>“</strong></span> <span class='ocrx_word' id='word_1_225' title='bbox 646 4471 686 4538; x_wconf 90' lang='lat' dir='ltr'>In</span> <span class='ocrx_word' id='word_1_226' title='bbox 701 4468 822 4536; x_wconf 76' lang='lat' dir='ltr'>Octavi</span> <span class='ocrx_word' id='word_1_227' title='bbox 839 4466 1037 4554; x_wconf 77' lang='lat' dir='ltr'>Epiphaniae.</span> 
     </span>
     <span class='ocr_line' id='line_1_30' title="bbox 609 4578 1473 4666; baseline -0.002 -18"><span class='ocrx_word' id='word_1_228' title='bbox 609 4591 631 4626; x_wconf 80' lang='lat'>‘⁸</span> <span class='ocrx_word' id='word_1_229' title='bbox 646 4583 687 4648; x_wconf 89' lang='lat' dir='ltr'>In</span> <span class='ocrx_word' id='word_1_230' title='bbox 701 4580 871 4648; x_wconf 76' lang='lat' dir='ltr'>Dominicis</span> <span class='ocrx_word' id='word_1_231' title='bbox 889 4589 942 4646; x_wconf 74' lang='lat'>1¹·</span> <span class='ocrx_word' id='word_1_232' title='bbox 955 4593 1028 4666; x_wconf 89' lang='lat' dir='ltr'>post</span> <span class='ocrx_word' id='word_1_233' title='bbox 1043 4579 1197 4646; x_wconf 78' lang='lat' dir='ltr'>Octavam</span> <span class='ocrx_word' id='word_1_234' title='bbox 1212 4578 1410 4666; x_wconf 81' lang='lat' dir='ltr'>Epiphaniae.</span> <span class='ocrx_word' id='word_1_235' title='bbox 1456 4609 1473 4646; x_wconf 76' lang='grc' dir='ltr'><strong>ο</strong></span> 
     </span>
     <span class='ocr_line' id='line_1_31' title="bbox 610 4691 1064 4778; baseline 0 -21"><span class='ocrx_word' id='word_1_236' title='bbox 610 4701 632 4736; x_wconf 86' lang='grc'><strong>“</strong></span> <span class='ocrx_word' id='word_1_237' title='bbox 648 4694 687 4757; x_wconf 91' lang='lat' dir='ltr'>ln</span> <span class='ocrx_word' id='word_1_238' title='bbox 703 4692 815 4778; x_wconf 86' lang='lat' dir='ltr'>Cupite</span> <span class='ocrx_word' id='word_1_239' title='bbox 830 4691 963 4778; x_wconf 89' lang='lat' dir='ltr'>Jejunij:</span> <span class='ocrx_word' id='word_1_240' title='bbox 990 4701 1018 4757; x_wconf 92' lang='lat' dir='ltr'>l.</span> <span class='ocrx_word' id='word_1_241' title='bbox 1034 4701 1064 4757; x_wconf 90' lang='grc'>8.</span> 
     </span>
     <span class='ocr_line' id='line_1_32' title="bbox 609 4802 1072 4892; baseline -0.004 -23"><span class='ocrx_word' id='word_1_242' title='bbox 609 4813 632 4848; x_wconf 83' lang='grc'><strong>“</strong></span> <span class='ocrx_word' id='word_1_243' title='bbox 648 4805 687 4870; x_wconf 94' lang='lat' dir='ltr'>In</span> <span class='ocrx_word' id='word_1_244' title='bbox 703 4802 973 4892; x_wconf 67' lang='lat' dir='ltr'>Qumlregesimi:</span> <span class='ocrx_word' id='word_1_245' title='bbox 998 4813 1028 4869; x_wconf 96' lang='grc'>8.</span> <span class='ocrx_word' id='word_1_246' title='bbox 1043 4812 1072 4867; x_wconf 91' lang='grc'><strong>4.</strong></span> 
     </span>
     <span class='ocr_line' id='line_1_33' title="bbox 610 4913 1271 4982; baseline -0.012 0"><span class='ocrx_word' id='word_1_247' title='bbox 610 4926 632 4960; x_wconf 84' lang='grc'><strong>“</strong></span> <span class='ocrx_word' id='word_1_248' title='bbox 647 4917 688 4982; x_wconf 92' lang='lat' dir='ltr'>In</span> <span class='ocrx_word' id='word_1_249' title='bbox 703 4913 872 4982; x_wconf 77' lang='lat' dir='ltr'>Dominict</span> <span class='ocrx_word' id='word_1_250' title='bbox 889 4914 1087 4980; x_wconf 79' lang='lat' dir='ltr'>Palmarum:</span> <span class='ocrx_word' id='word_1_251' title='bbox 1114 4923 1142 4980; x_wconf 93' lang='lat'>1.</span> <span class='ocrx_word' id='word_1_252' title='bbox 1158 4923 1189 4980; x_wconf 90' lang='grc'>8.</span> <span class='ocrx_word' id='word_1_253' title='bbox 1265 4965 1271 4974; x_wconf 93' lang='grc'><strong>.</strong></span> 
     </span>
     <span class='ocr_line' id='line_1_34' title="bbox 611 5025 963 5096; baseline -0.017 -1"><span class='ocrx_word' id='word_1_254' title='bbox 611 5038 633 5071; x_wconf 90' lang='lat'><strong>“</strong></span> <span class='ocrx_word' id='word_1_255' title='bbox 648 5029 688 5096; x_wconf 89' lang='lat' dir='ltr'>In</span> <span class='ocrx_word' id='word_1_256' title='bbox 705 5027 805 5094; x_wconf 82' lang='lat' dir='ltr'>Coent</span> <span class='ocrx_word' id='word_1_257' title='bbox 821 5025 963 5094; x_wconf 87' lang='lat' dir='ltr'>Domini.</span> 
     </span>
     <span class='ocr_line' id='line_1_35' title="bbox 611 5137 948 5206; baseline -0.006 -2"><span class='ocrx_word' id='word_1_258' title='bbox 611 5149 633 5184; x_wconf 88' lang='lat'><strong>“</strong></span> <span class='ocrx_word' id='word_1_259' title='bbox 648 5139 688 5204; x_wconf 92' lang='lat' dir='ltr'>In</span> <span class='ocrx_word' id='word_1_260' title='bbox 705 5137 847 5206; x_wconf 79' lang='lat' dir='ltr'>Paschi:</span> <span class='ocrx_word' id='word_1_261' title='bbox 874 5147 901 5202; x_wconf 91' lang='lat'>1.</span> <span class='ocrx_word' id='word_1_262' title='bbox 918 5147 948 5204; x_wconf 92' lang='grc'>8.</span> 
     </span>
     <span class='ocr_line' id='line_1_36' title="bbox 610 5247 1092 5316; baseline -0.006 0"><span class='ocrx_word' id='word_1_263' title='bbox 610 5261 632 5294; x_wconf 85' lang='grc'><strong>“</strong></span> <span class='ocrx_word' id='word_1_264' title='bbox 648 5251 688 5316; x_wconf 88' lang='lat' dir='ltr'>In</span> <span class='ocrx_word' id='word_1_265' title='bbox 704 5248 825 5316; x_wconf 75' lang='lat' dir='ltr'>Octavi</span> <span class='ocrx_word' id='word_1_266' title='bbox 842 5247 990 5314; x_wconf 79' lang='lat' dir='ltr'>Puschae:</span> <span class='ocrx_word' id='word_1_267' title='bbox 1017 5257 1045 5314; x_wconf 92' lang='lat'>1.</span> <span class='ocrx_word' id='word_1_268' title='bbox 1061 5257 1092 5313; x_wconf 91' lang='grc'>8.</span> 
     </span>
     <span class='ocr_line' id='line_1_37' title="bbox 611 5360 1260 5426; baseline -0.003 0"><span class='ocrx_word' id='word_1_269' title='bbox 611 5371 633 5404; x_wconf 86' lang='grc'><strong>“</strong></span> <span class='ocrx_word' id='word_1_270' title='bbox 649 5363 688 5426; x_wconf 95' lang='lat' dir='ltr'>In</span> <span class='ocrx_word' id='word_1_271' title='bbox 704 5361 898 5426; x_wconf 78' lang='lat' dir='ltr'>Ascensione</span> <span class='ocrx_word' id='word_1_272' title='bbox 912 5360 1065 5425; x_wconf 91' lang='lat' dir='ltr'>Domini:</span> <span class='ocrx_word' id='word_1_273' title='bbox 1092 5367 1119 5425; x_wconf 89' lang='lat' dir='ltr'>l.</span> <span class='ocrx_word' id='word_1_274' title='bbox 1134 5367 1165 5426; x_wconf 83' lang='lat'>4.</span> <span class='ocrx_word' id='word_1_275' title='bbox 1184 5367 1213 5425; x_wconf 91' lang='grc'>8.</span> <span class='ocrx_word' id='word_1_276' title='bbox 1230 5365 1260 5424; x_wconf 96' lang='grc'>8.</span> 
     </span>
     <span class='ocr_line' id='line_1_38' title="bbox 609 5473 1009 5538; baseline -0.008 0"><span class='ocrx_word' id='word_1_277' title='bbox 609 5481 632 5516; x_wconf 86' lang='grc'><strong>“</strong></span> <span class='ocrx_word' id='word_1_278' title='bbox 648 5473 686 5538; x_wconf 93' lang='lat' dir='ltr'>In</span> <span class='ocrx_word' id='word_1_279' title='bbox 704 5473 908 5537; x_wconf 82' lang='lat' dir='ltr'>Pentecoste:</span> <span class='ocrx_word' id='word_1_280' title='bbox 935 5480 962 5535; x_wconf 91' lang='lat' dir='ltr'>l.</span> <span class='ocrx_word' id='word_1_281' title='bbox 978 5478 1009 5535; x_wconf 98' lang='grc'>8.</span> 
     </span>
     <span class='ocr_line' id='line_1_39' title="bbox 609 5580 1324 5650; baseline -0.004 -1"><span class='ocrx_word' id='word_1_282' title='bbox 609 5593 632 5626; x_wconf 85' lang='grc'><strong>“</strong></span> <span class='ocrx_word' id='word_1_283' title='bbox 647 5584 686 5649; x_wconf 81' lang='lat' dir='ltr'>in</span> <span class='ocrx_word' id='word_1_284' title='bbox 703 5583 950 5648; x_wconf 87' lang='lat' dir='ltr'>Annuntiatione</span> <span class='ocrx_word' id='word_1_285' title='bbox 967 5580 1074 5650; x_wconf 83' lang='lat' dir='ltr'>Beatoe</span> <span class='ocrx_word' id='word_1_286' title='bbox 1090 5581 1224 5648; x_wconf 84' lang='lat' dir='ltr'>Mariae:</span> <span class='ocrx_word' id='word_1_287' title='bbox 1250 5591 1278 5646; x_wconf 91' lang='lat'>1.</span> <span class='ocrx_word' id='word_1_288' title='bbox 1294 5590 1324 5648; x_wconf 88' lang='grc'>8.</span> 
     </span>
     <span class='ocr_line' id='line_1_40' title="bbox 609 5694 1370 5764; baseline -0.005 -1"><span class='ocrx_word' id='word_1_289' title='bbox 609 5705 631 5740; x_wconf 87' lang='grc'><strong>“</strong></span> <span class='ocrx_word' id='word_1_290' title='bbox 647 5698 686 5763; x_wconf 91' lang='lat' dir='ltr'>In</span> <span class='ocrx_word' id='word_1_291' title='bbox 702 5697 905 5764; x_wconf 83' lang='lat' dir='ltr'>Assumtione</span> <span class='ocrx_word' id='word_1_292' title='bbox 920 5695 1029 5762; x_wconf 69' lang='lat' dir='ltr'>Betna²</span> <span class='ocrx_word' id='word_1_293' title='bbox 1045 5694 1176 5760; x_wconf 71' lang='lat' dir='ltr'>Mariae:</span> <span class='ocrx_word' id='word_1_294' title='bbox 1203 5703 1230 5759; x_wconf 93' lang='grc'><strong>1.</strong></span> <span class='ocrx_word' id='word_1_295' title='bbox 1246 5703 1277 5759; x_wconf 88' lang='grc'>8.</span> <span class='ocrx_word' id='word_1_296' title='bbox 1294 5704 1322 5760; x_wconf 89' lang='grc'>8.</span> <span class='ocrx_word' id='word_1_297' title='bbox 1339 5704 1370 5759; x_wconf 92' lang='grc'><strong>4.</strong></span> 
     </span>
     <span class='ocr_line' id='line_1_41' title="bbox 608 5804 1346 5874; baseline -0.005 -2"><span class='ocrx_word' id='word_1_298' title='bbox 608 5817 631 5849; x_wconf 88' lang='grc'><strong>“</strong></span> <span class='ocrx_word' id='word_1_299' title='bbox 646 5807 685 5872; x_wconf 93' lang='lat' dir='ltr'>In</span> <span class='ocrx_word' id='word_1_300' title='bbox 702 5808 925 5874; x_wconf 82' lang='lat' dir='ltr'>Purifieatione</span> <span class='ocrx_word' id='word_1_301' title='bbox 941 5805 1049 5873; x_wconf 72' lang='lat' dir='ltr'>Beetae</span> <span class='ocrx_word' id='word_1_302' title='bbox 1065 5804 1198 5870; x_wconf 70' lang='lat' dir='ltr'>Marias:</span> <span class='ocrx_word' id='word_1_303' title='bbox 1225 5814 1252 5869; x_wconf 93' lang='grc'><strong>1.</strong></span> <span class='ocrx_word' id='word_1_304' title='bbox 1268 5811 1299 5868; x_wconf 91' lang='grc'>8.</span> <span class='ocrx_word' id='word_1_305' title='bbox 1316 5813 1346 5870; x_wconf 88' lang='grc'>8.</span> 
     </span>
     <span class='ocr_line' id='line_1_42' title="bbox 611 5918 1100 5985; baseline -0.004 -3"><span class='ocrx_word' id='word_1_306' title='bbox 611 5925 632 5960; x_wconf 88' lang='grc'><strong>“</strong></span> <span class='ocrx_word' id='word_1_307' title='bbox 648 5918 687 5982; x_wconf 93' lang='lat' dir='ltr'>ln</span> <span class='ocrx_word' id='word_1_308' title='bbox 703 5919 798 5984; x_wconf 79' lang='lat' dir='ltr'>Festo</span> <span class='ocrx_word' id='word_1_309' title='bbox 813 5918 998 5985; x_wconf 73' lang='lat' dir='ltr'>Michaeiis:</span> <span class='ocrx_word' id='word_1_310' title='bbox 1025 5925 1054 5983; x_wconf 89' lang='lat'>1.</span> <span class='ocrx_word' id='word_1_311' title='bbox 1070 5925 1100 5980; x_wconf 88' lang='grc'>8.</span> 
     </span>
     <span class='ocr_line' id='line_1_43' title="bbox 612 6027 1171 6112; baseline -0.004 -20"><span class='ocrx_word' id='word_1_312' title='bbox 612 6033 633 6069; x_wconf 87' lang='grc'><strong>“</strong></span> <span class='ocrx_word' id='word_1_313' title='bbox 648 6027 688 6092; x_wconf 90' lang='lat' dir='ltr'>In</span> <span class='ocrx_word' id='word_1_314' title='bbox 702 6027 911 6095; x_wconf 84' lang='lat' dir='ltr'>Dedicotione</span> <span class='ocrx_word' id='word_1_315' title='bbox 925 6028 1071 6112; x_wconf 87' lang='lat' dir='ltr'>Templi:</span> <span class='ocrx_word' id='word_1_316' title='bbox 1097 6035 1125 6090; x_wconf 85' lang='lat' dir='ltr'>l.</span> <span class='ocrx_word' id='word_1_317' title='bbox 1141 6035 1171 6090; x_wconf 89' lang='grc'>8.</span> 
     </span>
    </p>
   </div>
   <div class='ocr_carea' id='block_1_6' title="bbox 0 0 2327 7842">
    <p class='ocr_par' dir='ltr' id='par_1_8' title="bbox 0 0 2327 7842">
     <span class='ocr_line' id='line_1_44' title="bbox 0 0 2327 7842; baseline 0 0"><span class='ocrx_word' id='word_1_318' title='bbox 0 0 2327 7842; x_wconf 95' lang='lat' dir='ltr'> </span> 
     </span>
    </p>
   </div>
  </div>
 </body>
</html>
