4650 7852
793 1182 979 1237 ECCLESIAE
1006 1185 1290 1241 DUNELMENSIS.

846 1970 905 2068 B.
933 2001 959 2067 1.
984 2001 1142 2069 ιοιιο.

87 2287 180 2429 Ξὶῶ
212 2300 246 2368 l.
274 2294 390 2374 PETRI
408 2294 617 2377 LOMBARDI
635 2303 936 2380 SENTENTIARUM
954 2331 1059 2382 LIBRI
1076 2317 1112 2380 4.

341 2443 381 2512 In
396 2447 486 2513 initio
500 2450 572 2515 libri
591 2451 638 2516 1ml
653 2467 684 2517 et
699 2453 736 2517 4²¹
757 2453 852 2520 Notae
866 2455 1013 2541 quaedam
1028 2455 1216 2544 marginales
1232 2455 1462 2520 adscribuntur.

343 2561 543 2648 Argumenta
556 2565 752 2652 singulorum
768 2567 994 2644 Articulorum,
1012 2569 1076 2632 sive
1094 2569 1275 2634 Sectionum
1286 2580 1360 2632 sunt
1374 2567 1512 2630 miniata.

346 2672 488 2758 Scriptus
510 2687 558 2738 est
572 2675 623 2739 hic
647 2677 760 2740 Codex
774 2677 864 2741 lineis
879 2678 985 2742 divisis
993 2704 1003 2756 ;
1025 2679 1123 2744 literis
1138 2679 1348 2744 mediocribus
1364 2678 1507 2743 rotundis
1516 2702 1525 2756 ;
1547 2699 1612 2742 nou
1627 2675 1728 2744 multb
1745 2682 1794 2762 (ut

300 2782 438 2866 videtur)
453 2799 525 2869 post
541 2787 628 2850 Petri
643 2789 740 2873 ipsius
754 2802 898 2868 mortem,
915 2814 987 2877 quae
1001 2792 1034 2854 in
1049 2815 1168 2855 annum
1188 2801 1270 2857 1164
1287 2791 1405 2856 incidit.

348 2895 580 2961 Sententiarum
596 2898 684 2962 libris
697 2899 907 2987 praefiguntur
922 2913 1057 2986 quatuor
1071 2901 1162 2966 folia:
1178 2903 1211 2964 in
1227 2925 1363 2988 quorum

305 3041 357 3096 1¹³⁰
371 3031 628 3142 Dsarusaurus
645 3057 760 3101 onnus
776 3057 871 3102 ιιΒιιι
886 3037 1021 3102 Βιιιιιοι
1037 3037 1098 3102 hoc
1113 3038 1241 3104 ordine:
1259 3038 1349 3119 [vide
1362 3039 1403 3103 A.
1421 3061 1474 3104 ιιι.
1491 3045 1560 3119 22]

359 3143 554 3232 Theologia:

361 3255 460 3320 Vetus
476 3257 737 3324 Testamentum:

360 3369 453 3433 Lex:
471 3372 518 3454 (5)
536 3370 680 3450 Genesis,
698 3372 841 3452 Exodus,
859 3373 1028 3454 Leviticus,
1045 3373 1190 3452 Numeri,
1207 3374 1503 3440 Deuteronomium.
1550 3371 1727 3459 Propheta:
1745 3375 1794 3458 (8)

359 3482 466 3561 Josue,
482 3482 621 3562 Judices‚
640 3485 767 3550 Samuel
785 3495 813 3565 1,
830 3494 860 3551 2.
908 3487 1034 3576 Regum
1053 3497 1080 3566 1,
1097 3496 1127 3554 2.
1173 3487 1281 3565 Isaias,
1298 3487 1462 3564 Jeremias,
1477 3484 1614 3550 Ezekiel.
1663 3493 1702 3548 12
1716 3483 1796 3549 Ριο-

402 3595 507 3682 phete.

361 3707 611 3796 Hagiographa:
625 3712 672 3795 (9)
682 3711 755 3789 Job,
768 3712 966 3794 Psalterium,
981 3713 1163 3792 Proverbia,
1176 3713 1391 3791 Ecclesiastes
1400 3713 1568 3777 Canticum
1581 3711 1796 3787 Canticorum,

404 3819 531 3886 Daniel.
578 3823 842 3909 Paralipomenbn
861 3837 889 3905 1,
907 3835 936 3891 2.
984 3827 1112 3905 Esdras,
1130 3827 1259 3904 Hester,
1281 3825 1547 3902 Lamentationes,
1566 3821 1665 3888 Ruth.

364 3931 562 4017 Computatis
590 3941 619 4010 5,
637 3944 667 4011 8,
685 3944 715 4012 9,
739 3933 820 3999 fiunt
843 3944 895 4014 22,
915 3939 1009 4022 juxta
1031 3959 1199 4001 numerum
1222 3935 1448 3999 elementorum
1473 3933 1688 4008 Hebreorum,
1712 3930 1798 3994 etin

408 4043 540 4106 Canoue
562 4045 768 4128 recipiuntur.
813 4045 954 4121 Quidam
981 4059 1086 4112 tamen
1112 4044 1351 4134 Hagiographis
1377 4043 1465 4108 Ruth
1489 4054 1522 4106 et
1545 4039 1801 4106 Lamentationes

405 4153 613 4232 addiderunt3
636 4167 671 4218 ut
694 4163 735 4218 24
759 4154 920 4220 volumina
943 4157 1068 4221 Veteris
1095 4156 1291 4222 Testamenti
1311 4155 1433 4232 fierent,
1455 4155 1549 4240 juxta
1569 4174 1737 4216 numerum
1757 4160 1799 4216 24
1851 4217 1853 4223 ,

410 4266 588 4330 Saniorum.

362 4375 404 4440 N.
416 4375 455 4439 B.
478 4375 595 4441 Dicere
610 4377 714 4462 potius
729 4373 857 4442 debuit:
884 4385 904 4418 ‘⁶
917 4377 1096 4442 Nonnullos
1112 4377 1292 4442 distinxisse
1307 4380 1337 4443 St
1359 4399 1519 4462 separasse
1533 4376 1648 4440 Libros
1663 4375 1752 4441 Ruth
1767 4387 1800 4440 et

404 4485 661 4553 Lamentationes
676 4489 716 4553 ab
732 4489 769 4552 iis
784 4489 873 4554 libris
888 4490 1076 4576 quibuscum
1086 4490 1189 4576 juncti
1203 4489 1299 4568 fuere,
1317 4489 1424 4570 [Ruth
1439 4513 1459 4553 a
1472 4488 1554 4553 libro
1569 4488 1590 4554 J
1592 4483 1673 4552 adit.
1690 4491 1719 4554 δι
1736 4488 1800 4552 La·

404 4612 500 4665 ment.
516 4602 707 4682 aJeremia]
724 4619 759 4666 ut
774 4609 815 4667 24
831 4603 903 4666 libri
918 4602 1040 4667 fierent.

363 4713 567 4798 Apocripha:
593 4713 692 4778 Liber
720 4715 889 4800 Sapientia,
912 4714 1159 4793 Ecclesiasticus,
1185 4713 1338 4793 Thobias,
1363 4712 1486 4794 Juditb,
1514 4712 1637 4791 Pastor,
1665 4711 1801 4778 Macha-

405 4826 548 4891 beorum.

257 5005 260 5008 .
365 4939 491 5004 Primus
509 4939 589 5004 liber
610 4939 745 5004 habetur
766 4941 800 5003 in
824 4940 957 5006 Hebrea
977 4940 1105 5028 linguai:
1132 4939 1296 5005 Secundus
1318 4939 1351 5002 in
1368 4937 1473 5004 Greci
1495 4937 1682 5031 continetur.
1728 4933 1802 4998 Hos

406 5050 480 5115 licet
494 5051 514 5115 J
517 5051 589 5116 udci
603 5051 684 5116 inter
700 5053 886 5139 Apocripha
895 5065 1050 5139 separent,
1068 5051 1211 5118 Ecclesia
1220 5064 1326 5116 tamen
1339 5048 1459 5116 Christi
1474 5050 1556 5114 inter
1567 5047 1690 5112 divinos
1704 5043 1803 5110 hbros

408 5174 441 5226 et
453 5161 599 5241 honorat,
616 5175 648 5227 et
661 5163 813 5249 predicat.

366 5274 494 5339 Novum
510 5274 767 5341 Testamentum:

366 5386 593 5476 Evangelium:
619 5387 781 5468 Matheus,
799 5388 941 5468 Marcus,
959 5390 1074 5468 Lucas,
1091 5389 1264 5467 lohannes,
1281 5385 1450 5472 Apostoli:
1467 5382 1587 5450 Paulus
1600 5375 1636 5446 in
1655 5389 1694 5446 14
1712 5379 1805 5465 Epis-

408 5499 491 5562 tolis.
538 5499 652 5564 Petrus
667 5500 700 5563 in
715 5509 745 5566 2.
790 5501 997 5565 Johannesin
1014 5510 1043 5565 2.
1088 5499 1313 5566 Jacobusinl.
1357 5494 1502 5561 Judasin
1517 5504 1544 5559 l.
1590 5494 1690 5558 Actus
1700 5494 1806 5578 Apos-

408 5611 555 5676 tolorum.
602 5612 812 5698 Apocalipsis.

368 5721 489 5790 Omnes
510 5723 605 5788 etiam
622 5723 723 5801 Libri,
744 5724 800 5810 qui
819 5723 852 5786 in
872 5722 977 5800 Novo,
1003 5722 1067 5786 sive
1089 5723 1122 5786 in
1138 5722 1248 5786 Veteri
1272 5719 1477 5786 Testamenta
1498 5719 1708 5798 continentur,
1732 5739 1805 5783 cum

409 5835 595 5900 auctoritate
609 5833 759 5899 credendi
777 5845 851 5898 sunt
865 5845 958 5920 atque
973 5833 1117 5922 legendi:
1143 5833 1249 5898 Ceteri
1265 5853 1340 5896 vero
1355 5855 1429 5899 cum
1443 5831 1603 5899 voluntate
1612 5827 1787 5919 judicandi.

368 5944 584 6031 Subjiciuntur
598 5945 639 6010 ab
654 5944 715 6010 aliia
729 5966 826 6010 manu
840 5967 949 6010 versus
963 5945 1056 6030 pauci
1071 5943 1224 6012 technici:
1249 5943 1311 6011 Ex.
1327 5967 1376 6033 gr.

412 6057 575 6124 “Divinis
590 6058 742 6124 fruimur:
758 6059 891 6127 terrenis
906 6057 1044 6124 utimur:
1069 6059 1139 6126 esca

413 6177 435 6213 “
450 6168 616 6238 Vescimur
631 6182 663 6238 et
676 6182 774 6258 potu:
797 6169 958 6259 fimgimur
973 6167 1105 6237 officio.”
