4650 7852
1042 1113 1199 1169 comeus
1224 1108 1480 1168 munuscnmr

1086 2095 1211 2191 B.11.
1236 2118 1389 2187 rouro.

311 2468 354 2543 Β.
373 2467 425 2543 ΙΙ.
447 2469 478 2536 1.
506 2459 642 2534 Fulvo
668 2457 826 2534 Josurrn
855 2451 1125 2526 Hrsronrsnuu
1145 2447 1424 2530 Aurrourrsrrs
1439 2445 1616 2524 Junsrcrs
1635 2469 1739 2522 amar
1756 2453 1826 2524 20:
1852 2473 1900 2524 nr
1920 2449 2009 2526 Hrs·

322 2565 412 2606 sono.
755 2599 950 2652 ronmnuu
969 2599 1018 2648 nr
1034 2597 1155 2646 narro
1172 2571 1340 2648 Junsrco
1358 2595 1462 2644 unm
1478 2581 1514 2659 7,
1543 2569 1702 2647 Llrrun.

574 2725 790 2794 Pulcherrime
805 2725 939 2810 scriptus
961 2735 1009 2788 est
1029 2720 1081 2786 hie
1101 2719 1223 2799 Codex,
1246 2719 1370 2784 infolio
1383 2739 1509 2807 magno,
1524 2717 1617 2784 lineis
1629 2719 1735 2786 divisis
1743 2745 1752 2798 3
1774 2721 1872 2787 literis
1886 2724 2012 2810 majori-

531 2841 600 2918 bus,
616 2837 776 2914 rotundis3
793 2847 864 2902 ante
879 2857 978 2900 annos
993 2833 1116 2898 circiter
1130 2841 1204 2898 600.

577 2951 616 3014 In
631 2951 720 3014 initio
742 2963 774 3013 et
797 2948 860 3010 fine
881 2945 974 3030 hujus
996 2943 1068 3008 libri
1090 2944 1269 3006 inseruntur
1291 2941 1505 3008 Instrumenta
1525 2941 1671 3028 quadam
1681 2943 1817 3029 publica,
1841 2946 1896 3012 sed
1919 2947 2010 3013 valdo

534 3063 686 3128 mutilata.

579 3174 617 3237 ln
633 3173 731 3248 initio,
748 3169 882 3234 insuitur
896 3166 970 3231 libri
983 3178 1174 3255 tegumento.

538 3295 565 3350 1.
583 3283 745 3350 Honorur
760 3287 814 3362 [4]
831 3280 931 3345 Perua
948 3279 1066 3344 Bonna
1087 3279 1128 3344 ad
1144 3277 1284 3344 Abbates
1306 3277 1347 3344 de
1363 3277 1526 3357 Fontibus,
1549 3291 1582 3344 et
1597 3278 1687 3344 Bella
1708 3280 1801 3346 laridi
1823 3293 1855 3348 et
1872 3283 2016 3348 Priorem

635 3391 864 3460 Provincialem
896 3389 1132 3456 Predicatorum
1161 3388 1193 3452 in
1221 3389 1349 3476 Anglii,
1379 3401 1414 3454 ut
1438 3389 1642 3456 terminarent
1665 3394 1907 3458 controversiam
1936 3395 2019 3458 inter

635 3503 945 3589 Archi-Episcopum
957 3501 1198 3578 Eboracensem,
1211 3510 1243 3564 et
1259 3499 1402 3564 Priorem
1413 3512 1446 3564 et
1460 3501 1660 3566 Conventum
1671 3502 1856 3590 Mouasterij
1867 3504 2017 3570 Dunclm.

634 3618 675 3682 de
696 3617 918 3683 Jurisdictione
934 3611 1172 3698 Arcbiepiscopi
1194 3613 1226 3674 in
1250 3613 1387 3677 Dioecesi
1412 3614 1561 3678 Dunelm.
1587 3615 1669 3680 Sede
1685 3615 1863 3701 Episcopali
1879 3627 2018 3680 vocante.

637 3731 767 3814 Incepta
788 3741 835 3794 est
856 3728 925 3792 hoec
940 3725 1183 3791 coutroversiae
1206 3723 1248 3790 G.
1264 3725 1368 3804 [Guil.
1387 3725 1589 3807 Wickwane]
1610 3728 1867 3814 Archiepiscopo,
1890 3743 1922 3793 et
1944 3752 2020 3794 con·

635 3841 755 3905 tinuata
768 3865 788 3904 a
804 3841 989 3904 Successore
1004 3841 1070 3924 ejus
1084 3837 1115 3902 J.
1127 3837 1266 3918 [Josnne
1283 3835 1455 3917 Romano]
1500 3837 1665 3903 Honorius
1677 3843 1731 3904 4²¹¹·
1742 3839 1857 3906 electus
1872 3857 1919 3907 est
1932 3843 2020 3930 Papa

638 3951 724 4016 A.D.
744 3959 846 4015 1285:
870 3971 933 4036 quo
955 3949 1048 4012 etiam
1070 3969 1154 4012 anno
1175 3947 1314 4013 ,loannes
1336 3948 1499 4012 Romanus
1523 3949 1787 4038 Archicpiscopus
1811 3953 2018 4020 Eboracensis

638 4061 736 4128 factus
751 4073 808 4126 est.
854 4061 985 4126 Vacatio
1000 4060 1104 4146 itaque
1119 4059 1178 4124 ista
1192 4059 1274 4124 sedis
1289 4059 1512 4124 Dunelrnensis
1527 4061 1585 4127 fuit
1597 4075 1670 4148 post
1683 4079 1816 4131 mortem
1834 4067 1965 4132 Roberti
1979 4068 2019 4134 de

638 4173 756 4252 Insull,
773 4193 857 4238 enno
875 4181 975 4238 1283:
991 4194 1085 4258 quam
1100 4183 1203 4234 tamen
1220 4171 1346 4234 unicum
1361 4183 1482 4237 tanturn
1498 4195 1637 4238 mensem
1651 4177 1781 4243 durfisse
1801 4179 1844 4243 ait
1861 4179 2019 4246 Robertus

637 4286 678 4350 de
694 4287 895 4372 Graystanes,
911 4283 1064 4349 Historioe
1074 4281 1297 4348 Dunelmensis
1314 4284 1465 4367 Scriptor,
1481 4307 1590 4349 eorum
1602 4299 1777 4371 temporum
1790 4312 1870 4374 pene
1880 4293 2018 4379 aequalis.

641 4397 799 4462 Robertus
814 4397 897 4462 enirn
914 4395 1054 4464 7¹⁰1dos
1069 4393 1144 4458 Jun.
1159 4393 1260 4457 obiit:
1285 4394 1442 4458 Antonius
1458 4407 1563 4460 autem
1580 4395 1668 4461 Beak
1678 4399 1794 4464 electus
1809 4413 1856 4466 est
1872 4409 1926 4470 7¹¹⁰
1942 4405 2018 4470 Idus

638 4508 753 4573 mensis
776 4507 941 4596 sequentis.
988 4505 1137 4571 Meminit
1156 4505 1240 4569 idem
1263 4505 1443 4570 Historicus
1460 4505 1522 4570 litis
1544 4506 1657 4593 hujus:
1680 4533 1774 4595 quarn
1795 4513 1958 4596 probabile
1972 4529 2021 4581 est

639 4633 755 4684 motam
769 4622 872 4708 primo
893 4619 987 4684 fuisse
1008 4632 1081 4705 post
1094 4629 1227 4682 mortem
1251 4617 1382 4682 Roberti
1404 4618 1445 4684 de
1461 4619 1587 4684 lnsulri:
1611 4643 1680 4686 curn
1698 4637 1801 4687 autem
1817 4627 1849 4688 in
1864 4627 1951 4690 brevi
1966 4630 2019 4696 itit

640 4733 799 4798 vacatione
814 4732 897 4796 liniri
911 4753 976 4796 non
990 4731 1152 4816 potuisset,
1176 4729 1365 4816 appellatum
1380 4727 1475 4796 fuisse
1490 4732 1619 4817 Papam,
1636 4747 1671 4798 ut
1686 4735 1869 4810 Quamne
1884 4738 1944 4804 hsic
1959 4751 2022 4804 ter·

640 4845 766 4922 minati,
789 4843 890 4908 litium
915 4865 1023 4907 causas
1039 4843 1071 4906 in
1085 4841 1197 4906 suturis
1211 4841 1423 4906 vacationibus
1441 4841 1636 4926 praecideret.
1680 4843 1766 4910 Data
1780 4857 1828 4910 est
1841 4846 1910 4911 haec
1926 4847 2022 4914 Bulla

642 4957 755 5020 Romae
769 4953 853 5040 apud
878 4955 938 5017 Sia
954 4953 1129 5032 Sabi[nam‚
1153 4952 1206 5016 ubi
1229 4952 1348 5038 Papam
1370 4952 1455 5017 bunc
1477 4951 1633 5018 habitasse
1657 4955 1763 5020 scribit
1780 4957 1940 5039 Pletinar]
1965 4959 2018 5025 Kl.

641 5069 720 5152 Apr.
746 5065 890 5132 Pontific.
914 5086 964 5128 on.
993 5073 1020 5128 1.
1074 5061 1243 5144 [Kalendis
1270 5063 1399 5148 Aprilis,
1426 5063 1631 5130 Pontifieetrls
1654 5087 1738 5130 anno
1760 5068 1864 5152 primo
1871 5094 1880 5147 3
1906 5070 2023 5136 scilicet

640 5189 797 5254 exeunte3
825 5175 952 5240 Electus
974 5187 1021 5238 est
1042 5175 1125 5238 enirn
1150 5175 1238 5258 Papa
1259 5179 1308 5260 (ut
1329 5175 1373 5238 nit
1395 5174 1580 5260 Ouuphrius
1612 5176 1782 5242 Panvinius
1804 5180 1836 5242 in
1862 5180 2022 5248 chronico

642 5291 727 5378 quod
753 5289 885 5354 Plotinae
908 5285 1118 5374 subjungitur)
1142 5285 1244 5350 Nonis
1268 5285 1431 5370 Aprilibus
1453 5287 1528 5354 anni
1554 5294 1656 5354 1285:
1678 5288 1731 5354 lue
1753 5290 1850 5380 igitur
1866 5291 2021 5360 Kalendas

643 5401 770 5486 Apriles
785 5414 858 5465 sunt
871 5399 946 5464 anni
961 5397 1117 5485 sequentis
1136 5401 1245 5478 lesu]

602 5513 685 5578 Cum
700 5511 795 5576 Bulla
815 5511 885 5577 haec
906 5511 938 5574 in
957 5509 1062 5574 medio
1082 5507 1226 5594 plicetur,
1249 5529 1341 5573 voces
1363 5507 1396 5571 in
1417 5507 1528 5573 modiis
1542 5509 1632 5576 lineis
1653 5511 1765 5597 positae
1785 5512 1849 5602 legi
1869 5531 1934 5578 non
1947 5533 2022 5599 pos·

645 5635 726 5688 sunt

544 5743 573 5800 2.
598 5734 636 5798 ln
663 5755 743 5799 rma
768 5734 840 5799 libri
865 5733 998 5798 insuitur
1023 5732 1167 5797 Carnus
1192 5731 1283 5794 valde
1305 5751 1499 5795 murrum:
1522 5732 1663 5796 atenim
1688 5733 1754 5818 ejus
1776 5755 1923 5800 mensura
1941 5735 2024 5802 libro

643 5857 829 5930 sequoretur,
856 5844 1009 5908 linearum
1034 5843 1175 5906 omnium
1196 5855 1346 5906 extremae
1365 5855 1469 5926 partes
1491 5843 1636 5908 abscisse
1659 5856 1750 5908 sunt:
1775 5844 1904 5910 Initium
1929 5847 2024 5912 etiam

643 5957 708 6040 ejus
723 5967 755 6018 et
770 5955 858 6018 Finis
872 5955 995 6019 desunt.
1041 5953 1093 6018 Ex
1114 5975 1153 6017 eo
1174 5974 1249 6016 vero
1271 5951 1357 6037 quod
1380 5965 1522 6038 superest
1545 5953 1649 6040 colligi
1673 5965 1786 6038 potest,
1811 5953 2025 6022 Instrumeuto

642 6065 704 6128 boc
718 6065 932 6132 confirmatam
946 6063 1040 6130 fuisse
1055 6089 1075 6128 a
1089 6063 1147 6128 W.
1163 6063 1347 6144 [Willelmo
1361 6063 1401 6129 de
1417 6063 1616 6146 Greenfield]
1639 6063 1887 6153 Archiepiscopo
1903 6067 2025 6132 Ebora·
