4650 7852
485 1032 557 1114 nc
984 1051 1144 1108 comum
1168 1047 1425 1106 narcoemrr

279 1259 323 1338 B.
342 1256 395 1336 IL
406 1263 467 1337 20.
487 1268 538 1328 12.
554 1257 612 1326 Da
630 1259 773 1326 Ssrarru
788 1273 831 1319 nr
847 1251 981 1318 errar
996 1243 1056 1318 A9.
1072 1252 1315 1342 [Augustinus]

290 1357 382 1402 mm
563 1370 616 1438 Sic
629 1369 756 1453 incipit:
782 1364 922 1430 “Lectis
945 1363 1104 1450 opusculis
1119 1387 1181 1452 que
1202 1365 1244 1429 ad
1257 1377 1289 1428 te
1303 1383 1405 1448 nuper
1419 1360 1588 1440 elsbomt
1611 1361 1658 1427 fili
1672 1363 1837 1434 karissime
1853 1365 1994 1439 Mucel-

606 1487 628 1525 “
642 1481 716 1558 line,
731 1477 773 1542 de
789 1477 953 1562 Baptismo
967 1473 1181 1561 per-vadorum,
1197 1487 1230 1540 et
1245 1471 1441 1540 Perfectione
1455 1469 1581 1539 Justitie
1594 1471 1762 1542 hominis.”

481 1627 531 1686 18.
554 1617 611 1682 Dr
628 1614 851 1682 Coourrrour
868 1609 966 1676 Vsus
983 1609 1080 1676 Vrrs.

561 1725 615 1794 sic
628 1725 756 1812 incipit:
782 1731 803 1767 “
816 1723 977 1811 Sapientia
991 1721 1056 1788 Dei
1070 1745 1133 1810 que
1148 1743 1184 1788 os
1198 1724 1278 1788 muti
1292 1721 1479 1810 aperuit'-

562 1841 696 1930 Legitur
711 1841 792 1904 inter
806 1860 905 1924 opera
919 1839 1100 1926 Augustino
1113 1834 1194 1904 lnlsd
1207 1837 1376 1922 adscripta.

485 1985 536 2045 14.
559 1977 615 2044 Dn
632 1975 817 2042 Onarrous
834 1973 1028 2040 Doururcs.

565 2090 619 2155 Sic
640 2087 769 2172 incipit:
794 2082 946 2151 “Beatus
969 2081 1142 2170 Apostolus
1164 2095 1309 2171 tempora
1331 2083 1399 2162 ista,
1420 2083 1548 2172 quando
1569 2081 1710 2150 futurum
1732 2100 1801 2153 erat
1825 2101 1862 2155 ut
1883 2112 1994 2159 omnes

609 2208 631 2242 ‘⁶
645 2199 720 2264 Deo
735 2197 910 2276 crederent,
925 2197 1125 2283 prenuntiata
1140 2195 1268 2261 suissea
1285 2197 1453 2284 Prophetis
1466 2195 1699 2263 ostendens”-

565 2313 692 2377 Nomen
707 2311 857 2376 Auctoris
879 2329 944 2374 non
958 2309 1146 2395 apponitur:
1170 2329 1235 2372 non
1250 2320 1430 2374 recensetur
1450 2309 1533 2373 inter
1548 2311 1719 2398 Augustini
1733 2333 1839 2399 opera.
1884 2313 1994 2382 Habet

612 2422 687 2488 folia
702 2426 753 2508 Sl.

486 2571 536 2630 15.
560 2561 747 2628 Exrosrrro
763 2560 910 2626 Srrrsonr
927 2561 963 2624 s'.
978 2561 1039 2624 n‘rr
1055 2548 1164 2624 Auo⁹.
1186 2557 1376 2641 [secundum
1391 2557 1517 2624 lustum
1533 2559 1775 2647 Augustulum]

565 2673 620 2738 Sic
633 2671 760 2756 incipit:
785 2678 807 2713 ‘⁶
817 2671 905 2736 Inter
919 2687 1081 2756 pressuras
1095 2683 1191 2758 atque
1203 2669 1364 2758 arrgustias
1377 2670 1530 2754 presentis
1545 2673 1706 2758 temporis,
1728 2682 1761 2740 et
1774 2685 1881 2741 nosue
1894 2675 1996 2742 officia

610 2791 633 2826 ‘⁶
647 2783 814 2862 servitutis,
830 2783 973 2870 cogimur
988 2781 1111 2868 (hanes
1126 2781 1339 2863 delectissimi)
1355 2803 1419 2846 non
1435 2784 1603 2848 Μεθ’-

567 2897 679 2964 Sermo
693 2907 741 2960 est
763 2896 795 2958 in
818 2895 896 2959 illud
920 2895 1076 2980 Apostoli,
1101 2895 1210 2978 (Rom.
1230 2903 1279 2971 ls,
1300 2893 1363 2974 11.)
1409 2891 1517 2957 “Nox
1537 2895 1698 2977 precessit,
1721 2894 1801 2962 Dies
1819 2909 1924 2966 autem
1940 2923 1996 2988 ap·

609 3018 631 3050 “
645 3006 891 3094 propinquabit:
907 3006 1099 3091 deponentes
1114 3026 1211 3090 opera
1224 3003 1426 3070 tenebrarum
1440 3001 1560 3070 induite
1575 3027 1630 3070 ros
1640 3027 1729 3072 arms
1738 3006 1847 3074 lucis.”
1892 3011 1997 3080 Coete-

608 3143 680 3184 rum
695 3141 760 3183 non
775 3119 932 3184 invenitur
946 3118 1029 3182 inter
1043 3139 1204 3182 sermones
1218 3117 1398 3206 Augustino
1413 3115 1477 3181 sive
1492 3113 1565 3182 veri
1579 3117 1645 3184 sive
1658 3115 1737 3184 falso
1751 3118 1936 3208 adscriptos.

568 3232 684 3318 Implet
697 3229 772 3296 solia
787 3233 839 3316 61.

492 3377 541 3437 16.
564 3368 620 3434 Ds
637 3367 724 3432 Fron
742 3367 874 3432 Srucrs
890 3365 1106 3430 Tururrrrrs.

567 3482 620 3546 Sic
634 3479 760 3565 incipit:
785 3478 960 3543 “Domino
982 3477 1108 3554 eximio,
1130 3487 1162 3540 et
1184 3475 1216 3538 in
1240 3473 1358 3540 Christi
1374 3477 1502 3540 caritate
1523 3475 1695 3564 plurimum
1709 3478 1909 3546 desiderabili
1931 3482 1998 3550 filio

611 3601 633 3634 “
648 3593 777 3658 Donato
801 3591 998 3680 Augustinus
1021 3609 1182 3653 servorum
1209 3585 1328 3654 Christi
1354 3587 1487 3654 famulus
1513 3589 1546 3654 in
1564 3587 1643 3654 Diio
1666 3589 1809 3658 salutem.
1855 3593 1997 3660 Multum

611 3713 633 3747 “
647 3705 801 3770 benedico
816 3703 1002 3781 Dominum,
1018 3699 1218 3766 dilectissime
1239 3699 1295 3778 fili,
1322 3703 1410 3786 cujus
1431 3701 1534 3791 gratia
1547 3701 1619 3767 telis
1633 3717 1690 3782 est,
1714 3716 1750 3768 ut
1764 3726 1838 3770 cum
1853 3706 1895 3772 sis
1917 3721 1999 3776 etate

612 3825 635 3860 ⁴⁴
649 3817 762 3896 minor,
778 3839 843 3882 non
858 3839 919 3904 que
935 3815 1134 3891 scammis,
1150 3812 1206 3878 sed
1220 3835 1282 3898 que
1297 3825 1370 3876 sunt
1386 3813 1521 3900 Spiritus
1536 3815 1804 3900 concupiscss''-

569 3929 636 3996 Hic
659 3941 809 3994 tractatus
834 3951 893 3993 nec
916 3928 997 3992 inter
1020 3923 1191 4013 Augustini
1216 3921 1325 4002 libros,
1346 3943 1405 3988 nec
1426 3923 1509 3990 inter
1532 3922 1690 4012 Epistoles
1713 3925 1838 4018 legitur.
1884 3929 1998 4018 Implet

612 4041 686 4104 solia
700 4062 781 4124 pene
797 4047 827 4104 4.

494 4185 542 4248 17.
568 4177 764 4241 Ssrrsurrs
781 4191 1001 4256 quonuunrn
1017 4170 1333 4236 Purnosoruronurr.

571 4286 624 4352 Sic
639 4286 811 4370 incipiunt:
836 4293 858 4326 ‘⁴
868 4284 991 4350 Cicero.
1037 4281 1132 4346 Nulle
1147 4293 1222 4346 sunt
1242 4279 1428 4346 occultiores
1449 4281 1570 4362 uiridis,
1594 4303 1689 4371 qnam
1708 4285 1750 4350 he
1771 4307 1833 4373 qne
1846 4286 1946 4354 latent
1965 4288 1999 4352 in

616 4405 639 4440 ‘⁶
653 4397 849 4462 simulatione
864 4395 987 4481 officij.”

574 4509 627 4576 Ex
641 4510 734 4572 variis
748 4507 952 4594 scriptoribus
967 4515 1125 4590 excerpta
1138 4517 1222 4570 suut.

573 4623 684 4690 Unum
698 4633 819 4686 tanturn
833 4620 943 4684 loliurn
957 4629 1014 4682 est,

499 4769 548 4827 111.
573 4757 705 4827 Cret-:rto
721 4781 765 4824 nr:
782 4759 1031 4826 Drvrur’rrour.

574 4869 627 4935 Sic
641 4866 767 4952 incipit:
792 4874 813 4908 “
826 4866 944 4933 Utrum
959 4867 1015 4955 Dij
1037 4866 1135 4932 nichil
1155 4879 1260 4958 agant,
1283 4865 1381 4932 nichil
1402 4866 1581 4946 moliantur,
1604 4865 1691 4932 omni
1707 4867 1868 4934 curatione
1882 4891 1919 4934 ec
1932 4891 2000 4934 sm·

617 4979 879 5044 “ministratione
893 5002 999 5045 rerum
1013 4982 1187 5046 racent'-

573 5092 744 5159 Sententiae
759 5103 833 5156 sunt
846 5091 993 5180 quaedam
1007 5114 1048 5158 ex
1062 5116 1101 5158 eo
1114 5093 1196 5158 libro
1209 5092 1377 5178 decerptae.
1423 5089 1506 5155 Sunt
1519 5087 1593 5152 folia
1606 5095 1659 5180 ²l·

479 5237 528 5296 19.
553 5227 753 5294 Pnovnnsra
770 5230 915 5296 Sanscs.

576 5341 629 5406 Sic
644 5341 815 5427 incipiunt:
840 5341 1020 5407 “Alienum
1035 5352 1083 5407 est
1096 5361 1189 5408 omne
1203 5341 1289 5431 quod
1304 5337 1444 5428 optando
1458 5339 1593 5406 evenit.”

576 5453 746 5517 &nunde
761 5465 835 5518 sunt
848 5453 972 5521 circiter
987 5465 1052 5522 450
1067 5455 1238 5544 (pleraque
1254 5453 1358 5542 Publij
1376 5452 1462 5542 Syri)
1477 5449 1676 5538 alphabetico
1689 5449 1801 5517 ordine
1816 5453 1986 5540 disposite.

575 5561 639 5626 Eas
654 5577 827 5651 sequuntur
844 5567 1014 5633 Sententiae
1028 5567 1098 5634 aliae
1113 5568 1267 5654 (versibus
1281 5569 1357 5650 114)
1372 5591 1391 5631 a
1404 5565 1586 5632 Christiano
1600 5563 1706 5652 aliquo
1720 5565 1914 5652 conscriptes.

578 5673 631 5738 Sic
645 5675 818 5762 incipiunt:
843 5675 1027 5766 “Quisquis
1041 5679 1108 5743 vult
1122 5679 1194 5745 vere
1210 5679 1351 5744 Domino
1365 5701 1424 5765 per
1438 5689 1552 5744 cuncte
1565 5677 1722 5763 plutere.”

497 5816 550 5876 20.
574 5807 799 5876 Aucusrruus
816 5829 859 5874 mr
875 5805 1015 5877 Garris
1030 5811 1121 5879 Novr
1137 5811 1374 5880 Tasrnusurr.

578 5920 632 5986 Sic
647 5919 776 6005 incipit:
801 5921 990 6010 “Quinque
1009 5925 1086 5989 mihi
1106 5925 1298 6012 proposuisti
1319 5923 1497 5991 tractandas
1518 5924 1697 6014 questiones
1717 5937 1813 6018 atque
1826 5925 2002 6006 solvendas,

607 6039 629 6074 ‘⁶
643 6029 843 6098 dilectissime
857 6033 901 6096 mi
915 6034 1011 6098 frater
1027 6035 1258 6102 Honorate”-·

578 6142 711 6232 Legitur
725 6142 807 6208 inter
824 6145 994 6233 Augustini
1011 6146 1178 6233 Epistulas.
1224 6151 1284 6214 Est
1300 6157 1383 6216 140m
1400 6148 1433 6214 in
1449 6146 1553 6212 Edict.
1570 6144 1650 6213 Ben.
