4630 7860
780 1135 968 1196 accuens
993 1134 1269 1206 ommcnmsrs.
1712 1123 1758 1195 31

1 1257 2 1295 l

1 1343 2 1428 l
45 1321 259 1408 A.III.12.
317 1333 523 1404 ‚nslircm
546 1353 586 1398 ex
610 1331 695 1400 Psal.
717 1341 770 1400 11.
792 1343 824 1402 2.
871 1335 1047 1404 “Domine
1067 1337 1102 1400 in
1122 1337 1237 1402 virtute
1257 1333 1312 1402 tui
1333 1333 1491 1404 letabitur

1 1445 3 1492 l
56 1419 184 1512 :ididia
386 1454 410 1490 ‘⁸
425 1445 527 1512 Rex?
1530 1445 1763 1519 F01.7‚001,2,

1 1549 3 1622 l
344 1578 389 1624 ns
405 1558 526 1642 aaut:
548 1579 590 1623 ex
606 1557 689 1624 rar.
704 1565 757 1625 n.
775 1569 825 1626 ιε.
870 1559 993 1626 “sieut
1007 1559 1218 1646 aquaemsus
1232 1539 1379 1640 ..11φῇ
1437 1559 1445 1632 χ
1592 1559 1636 1626 io.
1657 1561 1718 1628 001.
1733 1573 1765 1629 4.

1 1625 3 1731 l
347 1691 426 1758 Huc
439 1715 539 1781 usque
551 1694 735 1783 pertingunt
749 1691 909 1758 Notabilis
926 1695 960 1756 in
976 1692 1138 1770 Psalmo:
1160 1715 1310 1780 quaenon
1325 1694 1431 1760 omnia
1443 1695 1589 1763 videntur
1601 1697 1643 1762 ob
1656 1697 1766 1764 eidem

388 1825 495 1882 manu,
510 1805 583 1870 licet
596 1804 707 1872 eidem
720 1804 801 1870 forte
822 1817 913 1870 :etate
929 1803 1095 1889 descripta.
1142 1803 1235 1870 Prior
1249 1804 1333 1870 euim
1345 1825 1419 1892 pers
1434 1805 1530 1872 literis
1552 1808 1689 1887 minutis,
1711 1807 1767 1875 sed

388 1937 454 1979 non
467 1915 550 1982 male
562 1916 722 1994 formatis:
736 1916 890 2003 posterior
903 1913 998 2001 paulo
1012 1915 1181 2000 majoribus
1195 1926 1351 1986 exuratur.
1396 1913 1545 2001 capitum
1560 1918 1659 1984 Tituli
1673 1917 1769 2005 pleri·

390 2047 452 2112 que
465 2025 585 2091 miniati
599 2039 681 2092 sunt.
1195 2015 1197 2020 ⁵

351 2135 473 2202 Passim
487 2137 707 2202 adscribuntur
721 2137 753 2201 in
768 2137 919 2227 margine,
935 2149 967 2202 et
979 2137 1041 2215 hic,
1057 2149 1090 2201 et
1102 2137 1135 2200 in
1150 2135 1277 2223 reliquis
1291 2135 1383 2224 hujus
1397 2135 1564 2202 voluminis
1576 2138 1768 2218 mactatibus,

393 2247 635 2314 Observationes
649 2249 811 2313 nonnulloe
832 2249 872 2312 ab
894 2247 954 2313 alit
968 2270 1074 2325 manu,
1097 2246 1194 2312 literis
1220 2251 1269 2332 (ut
1282 2247 1407 2329 vocent)
1431 2247 1570 2327 curtiule,
1596 2261 1628 2313 et
1642 2248 1722 2314 inter
1737 2271 1770 2314 se

392 2359 555 2445 implexis;
570 2359 650 2425 adeo
665 2373 778 2426 utnon
793 2359 881 2425 facile
896 2351 1050 2448 legantur.

352 2471 482 2537 Horum
503 2471 699 2538 Notabilium
714 2471 862 2538 Praefatio
881 2472 926 2535 sie
948 2471 1076 2556 incipit:
1098 2477 1120 2512 “
1133 2469 1330 2535 Psalmorum
1343 2471 1424 2536 liber
1440 2471 1555 2537 Graecd
1570 2472 1768 2552 Psslterium,

398 2589 422 2626 “
436 2583 571 2648 Ebraicd
586 2583 724 2661 Nablon,
748 2582 862 2648 latins
878 2582 1044 2670 Orgnnmn
1065 2573 1187 2646 dicitur.
1232 2583 1370 2648 Vocatus
1392 2595 1440 2647 est
1460 2596 1565 2648 sutem
1579 2584 1659 2650 liber
1681 2584 1771 2649 Psal-

400 2702 422 2735 “
436 2717 570 2773 morum,
586 2695 661 2781 quia
673 2716 738 2758 uno
754 2693 913 2779 Prophetis
928 2705 1060 2758 canente
1074 2691 1168 2761 cordi:
1184 2707 1373 2759 consonante
1387 2696 1607 2780 respondent.”

356 2804 501 2871 Psalmus
528 2813 571 2870 1¹²·
590 2805 635 2870 sic
652 2805 780 2892 incipit:
804 2814 825 2846 ‘⁶
838 2804 956 2870 Beatus
977 2803 1162 2868 vir—Solus
1186 2804 1329 2869 Christus
1343 2803 1497 2869 mediator
1511 2805 1575 2870 Dei
1589 2819 1621 2870 et
1639 2806 1776 2872 hominis

399 2923 421 2956 ‘⁶
434 2936 499 2978 non
514 2914 608 2990 abiit:
624 2913 709 2978 unde
722 2936 781 2978 nec
796 2913 981 2978 reditionem
995 2913 1069 2978 huic
1084 2914 1213 2978 abitioni
1227 2915 1415 2978 contrariam
1429 2937 1494 2978 non
1508 2917 1631 2981 rediit”

357 3025 622 3092 Observationum
635 3025 855 3113 marginalium
872 3025 1037 3110 Specimen
1051 3023 1112 3089 hoc
1128 3037 1211 3088 esto:
1234 3023 1275 3088 fo.
1294 3035 1328 3088 1.·
1337 3046 1384 3089 co.
1403 3033 1430 3088 1.
1446 3024 1500 3088 ubi
1514 3027 1618 3112 agitur
1631 3027 1673 3092 de
1688 3028 1776 3094 Pssl·

399 3136 498 3202 terio:
522 3136 573 3199 “b
589 3139 646 3214 [ex
661 3133 760 3213 Bedt,
788 3146 823 3198 ut
836 3135 964 3219 opinor]
989 3133 1080 3198 Deus
1101 3134 1221 3198 coritas¹
1235 3145 1304 3198 est:
1330 3133 1405 3220 quid
1426 3134 1614 3219 pretiosius?
1658 3137 1701 3202 Et
1722 3140 1777 3225 qui

402 3254 424 3289 “
438 3256 544 3310 manet
557 3245 590 3309 in
605 3245 732 3310 caritate
746 3245 780 3309 in
795 3245 868 3311 Deo
875 3257 998 3310 manet:
1020 3245 1096 3332 quid
1111 3243 1277 3310 securius?
1306 3257 1338 3309 et
1352 3233 1442 3310 Deus
1455 3245 1490 3310 in
1501 3267 1558 3311 eo:
1579 3248 1654 3335 quid
1664 3251 1778 3335 jocun-

402 3364 424 3398 “
438 3356 508 3420 dius
516 3354 549 3421 ?''

359 3465 403 3533 Et
417 3467 521 3532 stetim
535 3477 627 3552 post:
653 3475 674 3508 “
685 3464 764 3532 llG.
787 3472 844 3546 [ex
859 3465 1063 3555 Augustino}
1099 3464 1386 3554 'Quotienscunque
1399 3489 1451 3532 me
1475 3468 1547 3554 plus
1560 3468 1695 3535 delectat
1717 3493 1781 3538 vox

404 3586 426 3621 “
440 3577 550 3644 cantius
561 3575 655 3666 quim
668 3577 702 3642 id
713 3577 798 3665 quod
813 3579 942 3656 canitru,
958 3601 1010 3642 me
1020 3577 1157 3666 graviter
1169 3599 1314 3662 peccasse
1327 3578 1508 3644 confiteor.”

304 3747 334 3806 1.
357 3739 511 3818 Qosnam
534 3759 718 3804 norisium
737 3759 845 3804 suren
867 3757 1030 3802 snsrsruo
1056 3735 1204 3814 Cnucrs3
1228 3755 1521 3820 compossuerat:
1546 3759 1782 3807 nrvrsrosrnus

403 3872 447 3916 ns
463 3849 669 3916 Tmnrrnrs.
715 3847 783 3912 Fol.
800 3858 830 3914 9.
846 3846 905 3911 col.
922 3856 951 3912 3.

363 3963 402 4028 In
419 3962 537 4028 Codice
552 3961 621 4046 ipso
641 3960 694 4024 hic
707 3959 818 4044 incipit
836 3980 902 4022 non
916 3978 1016 4020 novus
1031 3955 1138 4034 Liber,
1162 3955 1218 4020 sed
1238 3934 1324 4019 aliud
1338 3966 1459 4021 tantum
1476 3957 1582 4043 Caput
1595 3958 1686 4024 Libri
1699 3981 1783 4046 prae·

405 4074 562 4148 cedentis;
579 4073 666 4158 cujus
680 4070 789 4134 titulus
804 4081 859 4146 est,
876 4067 916 4133 de
933 4067 1035 4132 Cruoe
1052 4066 1179 4131 Christi.

372 4183 614 4250 Observationes
629 4193 702 4246 sunt
716 4179 854 4267 ejusdem
868 4177 991 4266 generis
1006 4198 1078 4241 cum
1093 4157 1313 4260 superioribus.
1359 4176 1413 4242 Sie
1426 4175 1553 4264 incipit:
1578 4179 1702 4244 “Crux
1713 4181 1784 4248 Do-

408 4295 520 4358 “mini
534 4293 633 4357 nostri
647 4291 724 4357 Jesu
740 4289 858 4384 Christi
873 4289 997 4376 signum
1019 4285 1193 4372 appelletur
1207 4285 1386 4372 frequenter
1398 4287 1432 4352 in
1448 4287 1544 4354 Sacri
1560 4289 1785 4376 Scriptus&-

392 4405 553 4471 Desinunt
566 4404 630 4469 sic:
654 4412 676 4445 ‘⁶
685 4402 755 4468 Pax
769 4411 951 4486 expectamr
965 4397 1055 4463 nobis
1070 4397 1166 4463 tribui
1180 4395 1220 4462 de
1235 4397 1406 4484 supernis.”

365 4516 545 4603 Sequuntur
561 4513 678 4600 Capita
693 4512 780 4576 hoec:

365 4627 423 4694 Du
439 4628 617 4693 Pnsnarrs.
663 4623 732 4689 Fol.
751 4631 800 4687 ll.
816 4622 875 4687 col.
894 4631 922 4686 1.

367 4739 420 4805 Sic
433 4739 562 4824 incipit:
586 4744 608 4779 ‘⁶
620 4735 738 4802 Prelati
759 4745 792 4798 et
806 4734 961 4799 Doctores
978 4731 1117 4797 Ecclesie
1139 4732 1172 4796 in
1187 4753 1318 4818 corpore
1342 4731 1459 4798 Christi
1475 4747 1696 4820 comparantem
1709 4759 1787 4803 ocu.

407 4850 510 4916 lis''-
553 4849 631 4914 Post
644 4847 908 4933 comparationem
925 4844 1131 4910 Praelatorum
1153 4865 1225 4909 cum
1247 4844 1355 4923 oculis,
1378 4845 1552 4932 digreditur
1573 4847 1615 4925 ad
1636 4847 1721 4918 aliud
1736 4873 1787 4914 ar.

407 4973 602 5050 gumentum‚
625 4958 666 5024 de
680 4957 877 5024 Dulcedine:
899 4955 953 5020 tol.
972 4964 1021 5019 11.
1036 4955 1096 5020 col.
1120 4964 1149 5020 3.
1172 4955 1257 5041 quod
1279 4955 1324 5020 sio
1344 4955 1470 5042 incipit:
1495 4965 1516 4999 “
1527 4957 1631 5022 Dulce
1645 4971 1693 5026 est
1713 4961 1788 5025 sub-

410 5081 433 5116 “
446 5074 569 5138 stantiae
582 5093 710 5161 grossae,
725 5071 900 5134 terreae”-
934 5067 997 5133 Sed
1007 5079 1080 5152 post
1088 5066 1249 5130 dimidiam
1263 5067 1410 5156 paginam
1419 5068 1500 5133 redit
1513 5068 1554 5134 ad
1568 5083 1787 5158 argumentum

409 5185 517 5272 prius3
531 5184 585 5250 fol.
604 5192 653 5248 12.
669 5181 768 5248 coll.
790 5181 965 5268 iterumque
979 5179 1044 5267 agit
1057 5177 1098 5244 de
1113 5177 1226 5244 Oculo.

370 5295 427 5362 Da
441 5296 609 5361 anurn.
655 5292 724 5358 Fol.
743 5299 792 5358 lt.
807 5291 867 5356 col.
883 5298 913 5354 2.
1557 5355 1559 5358 Α

371 5409 425 5474 Sic
438 5409 562 5494 incipit:
587 5405 751 5471 “Bonitas
765 5427 826 5491 que
840 5403 1010 5489 opponitur
1024 5400 1140 5465 malitie
1154 5399 1204 5464 vel
1223 5401 1380 5467 vitiositati
1394 5413 1442 5464 est
1455 5421 1544 5464 amor
1557 5399 1719 5466 ordinatus
1733 5424 1789 5468 seu

414 5531 437 5564 ‘⁴
451 5522 594 5586 voluntas
609 5517 818 5582 ordinata’'—
1459 5511 1460 5516 ’

369 5635 574 5701 Drvrsrouss
589 5649 732 5713 posnan:
748 5647 791 5692 as
808 5625 1012 5690 anurrrrs.
1059 5621 1127 5686 Fol.
1145 5629 1195 5685 13.
1219 5621 1289 5686 Col.
1306 5631 1336 5686 8.

371 5747 503 5812 Scotum
517 5755 564 5808 est
577 5739 787 5830 triangulare:
809 5738 842 5800 in
857 5737 944 5821 cujus
958 5733 1058 5798 tribus
1073 5731 1208 5820 Angelis
1223 5731 1410 5812 scribuntur,
1432 5744 1496 5798 tres
1510 5733 1544 5796 in
1559 5733 1618 5800 SS.
1634 5733 1790 5803 Trinitate

415 5857 583 5920 Personae:
606 5853 672 5918 scil.
697 5861 724 5916 1.
749 5859 770 5891 “
783 5849 906 5915 Pater.''
950 5853 980 5910 2.
1004 5853 1027 5887 “
1039 5843 1136 5908 Filius
1151 5856 1198 5910 est
1219 5844 1309 5910 Deus
1331 5856 1363 5908 et
1378 5843 1518 5909 Homo.’'
1568 5855 1597 5911 8.
1622 5846 1791 5931 “Spiritus

415 5977 437 6011 ‘⁴
453 5967 614 6033 satiatus?
659 5963 699 6028 In
715 5961 844 6040 Centro‚
872 5957 1023 6025 “Divina
1042 5955 1215 6021 Essentia”
1260 5953 1367 6022 Lineis
1388 5954 1490 6021 ductis
1511 5954 1551 6019 ab
1574 5955 1708 6044 Angulis
1723 5967 1791 6022 tum

414 6079 456 6145 ad
472 6078 634 6156 Centrum,
649 6087 717 6141 tum
731 6073 773 6139 ad
786 6071 922 6161 reliquos
937 6068 1080 6159 angulos,
1095 6067 1269 6133 ostenditur
1286 6061 1518 6154 Relatio'quam
1531 6066 1649 6160 habent
1663 6079 1725 6132 tres
1739 6067 1792 6132 hae

417 6191 577 6268 Personre,
600 6201 632 6255 et
644 6188 726 6254 inter
739 6209 783 6266 se,
805 6197 838 6250 et
857 6183 899 6249 sd
920 6182 1057 6248 divinam
1072 6179 1268 6247 Essentiam:
1294 6178 1355 6244 hoc
1368 6177 1481 6257 modo:
1505 6175 1638 6244 “Pater
1658 6198 1723 6242 non
1744 6189 1793 6242 est
