4640 7842
829 1023 1016 1081 cccmus
1040 1025 1319 1082 DUMLMBNBIS·

88 1395 131 1476 B.
152 1400 223 1478 lv.
236 1406 272 1484 9.
299 1398 518 1474 hunnum
536 1395 746 1475 Posunrn:
772 1399 923 1494 scilicet,

7 1479 220 1590 tw

324 1553 354 1614 i.
378 1545 680 1614 Cimmnrson:
704 1547 829 1636 Hymni
846 1555 897 1616 12.

382 1658 435 1724 Sic
449 1658 622 1745 incipiunt:
647 1660 744 1727 “Per
758 1662 971 1750 quinquennis
980 1664 1047 1751 jam
1061 1663 1234 1729 deoem”-

326 1803 357 1860 2.
381 1795 608 1860 Aroruaosrs.

383 1914 405 1948 “
421 1905 480 1970 Est
493 1905 553 1970 tric
567 1927 689 1972 summa
704 1903 812 1972 Deus:
834 1908 952 1974 trinum
966 1908 1134 1996 specimen,
1149 1911 1239 1999 vigor
1254 1911 1401 1976 unus”-

327 2050 357 2105 3.
381 2041 640 2106 Amnnrrcnnm.

383 2161 406 2192 ‘⁸
421 2151 547 2217 Fratres
561 2152 685 2238 ephebi,
701 2153 801 2218 fossor
815 2167 846 2220 et
859 2167 977 2241 pastor,
992 2155 1126 2242 du⁰”··.

328 2299 358 2353 4.
383 2288 656 2356 Psrcnounosrm.

385 2409 407 2441 “
423 2401 528 2466 Senex
542 2400 654 2479 fidelis,
669 2401 772 2488 prima
786 2399 935 2469 credendi
948 2403 1061 2470 vio”-

328 2547 358 2604 5.
383 2539 695 2607 Prnrsrsrunnon:
719 2540 844 2628 Hymni
862 2551 912 2608 14.

384 2659 406 2692 “
423 2651 577 2730 Romnae,
594 2651 714 2718 Christi
726 2653 815 2720 fortis
828 2667 964 2722 assertor
979 2655 1106 2722 Dei''-

325 2772 356 2828 6.
381 2762 526 2828 Commta
542 2763 769 2831 Srrrsmcuutr
782 2789 878 2834 amur
894 2775 925 2832 2.
1487 2769 1539 2835 fol.
1562 2771 1671 2836 ism&
1691 2777 1762 2841 147.

384 2874 438 2939 Sic
450 2873 620 2960 incipiunt:
645 2885 668 2919 “
679 2877 797 2944 Paulus
810 2901 907 2964 preco
921 2880 986 2944 Dei
1000 2880 1054 2966 qui
1068 2879 1135 2944 fere
1147 2881 1351 2968 gentium”-

328 3015 358 3078 7.
381 3009 623 3077 Ermnmmon
639 3011 791 3080 Ver-snm
805 3033 848 3080 ar
863 3014 953 3080 Novi
970 3017 1205 3082 Tssrsnsrerr.
1620 3017 1672 3082 fol.
1691 3026 1764 3083 164.

385 3128 407 3164 “
421 3119 491 3186 Eva
504 3122 650 3190 columbe
663 3123 722 3190 ibit
735 3137 811 3192 tuno
825 3127 968 3207 candide,
983 3129 1075 3217 nigro
1089 3128 1267 3194 deinde'’-

373 3319 514 3406 Scriptus
529 3331 576 3386 est
589 3321 641 3388 bic
657 3322 769 3388 Codex
782 3324 880 3389 literis
896 3325 1059 3392 Sartonicis
1060 3367 1369 3391 ......................

371 3429 483 3519 Neque
497 3434 582 3498 enim
603 3447 686 3500 totus
700 3436 781 3502 liber
801 3449 849 3502 est
862 3438 904 3503 ab
918 3437 1029 3504 eidem
1043 3461 1148 3504 manu.
1194 3439 1272 3503 Pars
1286 3438 1384 3524 prior,
1400 3433 1441 3502 ed
1462 3433 1570 3502 folium
1593 3459 1692 3524 usque
1706 3449 1813 3502 cente-

329 3541 440 3608 simum
461 3546 634 3630 posteriore
659 3549 816 3636 antiquior
840 3561 905 3626 est3
928 3562 960 3615 et
973 3549 1014 3615 ed
1036 3573 1135 3616 annos
1158 3560 1222 3616 800
1243 3550 1392 3616 accedere
1414 3545 1554 3625 videtum
1577 3547 1732 3634 posterior
1750 3556 1813 3615 10⁰
1860 3635 1871 3654 ὓ

329 3655 408 3720 forte
422 3657 512 3722 annis
527 3669 575 3723 est
588 3661 752 3726 recentior.

372 3765 412 3832 In
427 3779 494 3832 toto
506 3767 599 3847 libro,
614 3769 789 3856 praesertim
804 3771 837 3836 in
853 3769 948 3837 Parte
961 3771 1077 3857 priore,
1100 3769 1208 3836 multae
1225 3769 1349 3837 Glossae
1363 3767 1587 3849 interlineares,
1611 3783 1642 3834 et
1657 3763 1761 3850 Notas,
1778 3771 1811 3834 in

328 3877 470 3966 margine
491 3878 657 3965 adscriptae
682 3892 764 3946 sunt.
818 3879 858 3946 In
882 3879 970 3947 libris
992 3881 1140 3948 adversus
1157 3881 1391 3968 Symmachum,
1414 3879 1510 3946 verba
1531 3881 1599 3967 ipsa
1621 3878 1811 3968 Symmachi,

329 3990 442 4077 quibus
457 3991 627 4077 respondet
640 3993 877 4060 interseruntur.

373 4099 412 4166 In
427 4102 490 4167 line
504 4101 586 4181 libri,
608 4101 683 4169 lolia
697 4105 816 4194 aliquot
830 4109 950 4193 (errore
971 4105 1155 4196 bibliopegi)
1169 4103 1358 4192 transposita
1373 4116 1464 4170 sunt:
1488 4101 1544 4170 sed
1558 4113 1648 4169 notas
1670 4103 1812 4190 apposui,

330 4235 402 4300 qnae
416 4213 555 4280 indicent
569 4237 632 4303 quo
646 4215 757 4282 ordine
772 4215 919 4284 collocari
933 4215 1059 4283 debent.

374 4323 506 4390 Caeteris
523 4325 724 4392 Poematibus
748 4327 955 4414 subjiciuntur
977 4329 1085 4396 versis
1110 4337 1169 4406 18;
1192 4349 1327 4416 quorum
1349 4337 1369 4394 9
1391 4327 1513 4413 priores
1533 4326 1708 4392 hexametri
1730 4337 1813 4406 sunt,

331 4435 441 4523 reliqui
456 4439 652 4523 pentametri.

373 4547 507 4613 Videtur
532 4550 625 4616 fuisse
649 4551 797 4618 Praelctio
820 4553 895 4641 (quai
917 4567 1027 4620 auctor
1041 4553 1178 4619 imitatus
1194 4551 1343 4624 Ovidium
1359 4553 1391 4616 in
1407 4549 1496 4617 initio
1510 4547 1678 4632 Tristium)
1699 4545 1816 4614 librum

329 4679 421 4724 enum
436 4661 613 4748 alloquitur.
659 4661 723 4730 Sed
733 4661 842 4730 folium
855 4663 917 4730 boc
932 4665 1012 4730 adeo
1025 4663 1159 4730 humore
1173 4677 1356 4752 corruptum
1371 4675 1428 4744 est,
1451 4677 1487 4728 ut
1500 4685 1607 4727 versus
1622 4683 1731 4726 omnes
1745 4681 1816 4724 mu-

330 4771 374 4834 tili
390 4772 470 4837 sint:
494 4785 529 4837 ut
543 4797 584 4838 ex
597 4774 659 4840 hoc
673 4777 842 4862 specimine
856 4777 1005 4865 liquebit:

417 4893 438 4928 “
453 4923 540 4938 -—
553 4887 711 4975 quondam
727 4885 830 4954 literas
844 4887 979 4975 pulchro
993 4883 1140 4956 decorata
1153 4885 1260 4955 libello

416 5005 438 5038 ‘⁶
452 5033 540 5050 —
553 5009 619 5063 tota
632 4999 734 5065 nitens
748 5013 880 5090 argento
894 5025 1034 5090 auroque
1047 5004 1248 5068 coruscis’'-

373 5105 471 5194 Cujus
487 5107 656 5196 Scriptoris
671 5111 734 5175 sint
747 5113 862 5177 nescio.

373 5219 412 5282 ln
427 5219 515 5285 initio
528 5219 611 5285 libro
623 5219 687 5288 hoc
700 5221 741 5287 de
757 5222 931 5291 Prudentia
944 5225 1155 5292 testimonim
1170 5221 1377 5291 adscn'bitcrr
1400 5227 1422 5264 “
1434 5216 1664 5286 TestImcninm
1678 5215 1719 5280 de
1735 5213 1814 5280 His·

329 5335 354 5370 κ
366 5327 446 5394 corii
462 5327 634 5396 illustrium
656 5332 796 5399 virorum
817 5349 944 5402 centum
959 5339 1185 5427 qninquagimc
1199 5349 1280 5402 octo.
1305 5329 1615 5401 PRUDENTIUS
1637 5324 1722 5394 VIR
1744 5326 1814 5394 SE-

330 5447 353 5480 “
369 5437 574 5508 CULARIS
597 5441 908 5514 LlTERATURE
930 5447 1241 5515 ERUDITUS’'-

370 5547 479 5628 chnr
494 5547 671 5620 Historiam
692 5555 746 5622 bic
766 5557 910 5647 designet
922 5559 1038 5625 nescio.
1083 5555 1243 5646 Gennadry
1263 5557 1348 5624 certe
1369 5556 1449 5623 liber
1469 5555 1510 5622 de
1525 5553 1610 5620 Viris
1625 5550 1814 5628 illustribus,

330 5684 369 5726 ex
385 5685 448 5748 quo
462 5662 524 5729 hoc
538 5665 748 5730 testimonium
764 5668 942 5734 desumtum
957 5682 1013 5749 est,
1038 5669 1165 5756 (Capite
1184 5671 1237 5752 la)
1252 5669 1380 5734 exhibet
1404 5669 1578 5755 Scriptores
1592 5675 1714 5729 turtum
1733 5669 1814 5736 1003

330 5785 384 5837 aut
407 5779 457 5859 (ut
471 5773 550 5840 listi
564 5777 708 5844 meliores
731 5779 861 5864 habent)
883 5791 940 5862 05,
960 5781 1011 5847 αἱ
1026 5793 1088 5850 ⁹6:
1108 5795 1145 5847 m
1165 5782 1283 5848 doetct
1300 5803 1362 5847 nas
1375 5780 1521 5869 Myrtus
1541 5791 1574 5844 et
1586 5774 1766 5862 Cyprianus
1778 5771 1815 5836 in

327 5887 413 5952 nir
424 5888 467 5952 nd
482 5887 590 5976 Caput
600 5897 711 5958 sem.

373 5997 538 6080 indocte,
553 6023 574 6065 a
587 6023 681 6070 mauu
697 6005 842 6092 antiqui:
868 6015 889 6048 “
902 6007 962 6071 Lib
979 6007 1032 6072 ssi
1049 6007 1166 6074 Cuthb.
1182 6009 1212 6073 d.
1228 6007 1357 6072 Dunl.”

997 6141 1048 6185 zz
