4640 7842
543 1011 619 1088 zoe
1071 1033 1230 1088 conrcrr
1254 1031 1510 1090 umurcmrrr

316 1223 449 1374 ᾖΔῙΧᾶ
461 1235 524 1312 22,
601 1231 714 1302 nnn
727 1241 801 1300 runt
814 1229 962 1320 integre:
985 1229 1105 1302 literae
1125 1232 1311 1314 mediocres,
1329 1231 1485 1302 rotundae.
1530 1231 1681 1324 Ejusdem
1696 1235 1821 1308 videm
1834 1243 1935 1310 eutis
1956 1267 2033 1314 oum

652 1343 809 1412 Bernardi
824 1343 1030 1414 sermonibus.

605 1457 689 1526 Sunt
701 1455 777 1524 tolia
789 1455 859 1522 nia.

591 1631 677 1700 Ante
692 1629 912 1699 Bernardum:
940 1630 1073 1698 “Liber
1098 1631 1205 1699 Sancti
1229 1631 1396 1700 cuthberti
1418 1633 1600 1702 Dunelmi.”
1646 1635 1731 1703 Hoec
1755 1653 1831 1706 nota
1850 1643 1891 1707 ab
1914 1643 2028 1710 eidem

546 1765 644 1812 manu
666 1757 714 1811 eet
736 1744 799 1834 quh
821 1743 901 1813 liber
915 1743 992 1833 ipse.
1036 1743 1194 1813 Videntur
1214 1746 1319 1834 itaque
1341 1747 1508 1815 Sermones
1529 1747 1563 1813 hi
1584 1748 1617 1814 in
1641 1749 1797 1817 Coenobio
1818 1753 2028 1824 Dunelmensi

546 1853 641 1923 fuisse
654 1855 813 1944 decepti,

460 2171 520 2244 23.
547 2165 747 2244 Senatores
763 2189 925 2244 numano
946 2165 1271 2246 86Vsnrnan1a1s
1289 2170 1427 2248 Parme
1448 2192 1596 2261 norom,
1624 2171 1834 2266 Brennum,
1862 2177 1948 2253 Deo
1965 2203 2024 2254 nr-

603 2315 728 2382 reon,
748 2289 919 2368 Auerna
944 2316 995 2368 oe
1013 2292 1279 2388 cmmvmue,
1306 2319 1356 2372 oe
1374 2295 1557 2372 Canrrcrs
1583 2295 1838 2374 Canrreoaum
1857 2325 1908 2375 so
1933 2327 2022 2380 suos

606 2417 963 2493 CLAREVALLENSES.

588 2563 691 2630 Iidem
706 2577 780 2630 sunt
795 2565 963 2634 Sermones
978 2566 1032 2656 qui
1046 2566 1080 2634 in
1096 2564 1215 2634 codice
1230 2565 1392 2654 superiori.

589 2675 732 2764 Scriptus
756 2687 803 2744 est
825 2675 878 2742 hic
902 2675 1017 2744 Codex
1042 2675 1133 2744 lineis
1156 2677 1466 2756 dimidiatis31iteris
1491 2677 1711 2760 mediocribus,
1735 2679 1929 2762 acuminatis,
1951 2681 2028 2750 satis

546 2783 758 2874 elegantibus3
785 2801 857 2852 aute
880 2809 979 2854 armos
995 2787 1118 2854 circiter
1133 2795 1207 2858 500.
1254 2788 1293 2854 ln
1307 2788 1411 2876 primo
1432 2789 1517 2854 euim
1538 2789 1613 2855 solio
1634 2789 1705 2858 bac
1724 2801 1801 2857 nota
1821 2791 2025 2862 adscribitur:

548 2897 683 2964 “Liber
699 2899 805 2966 Sancti
822 2897 991 2966 cuthberti
1012 2921 1054 2966 ex
1074 2899 1160 2966 dono
1176 2899 1332 2966 Bertrami
1346 2899 1387 2966 de
1403 2899 1582 2968 Mideltont
1599 2901 1717 2970 Prioris
1732 2902 1903 2972 Dunelm.”
1948 2905 2029 2972 Fac-

546 3017 596 3070 tus
611 3021 659 3074 est
673 3021 777 3076 autem
792 3009 849 3076 iste
866 3007 1048 3076 Bermamus
1065 3008 1158 3076 Prior
1173 3009 1260 3076 A.D.
1279 3017 1380 3076 1244:
1402 3009 1482 3075 obiit
1495 3031 1584 3076 armo
1597 3019 1690 3080 1254.

589 3117 631 3188 ln
643 3119 745 3190 fronte
763 3123 971 3190 Semnonumr
994 3130 1017 3166 ‘⁶
1027 3121 1069 3190 de
1082 3123 1131 3190 cdi
1145 3121 1273 3192 librarii
1288 3120 1443 3222 Moflohop
1458 3121 1632 3192 Dunelnt’

462 3461 521 3532 24.
548 3452 776 3530 Tmcrarus
795 3460 854 3544 12,
871 3477 1028 3552 quorum
1044 3458 1193 3555 primus,
1212 3455 1439 3532 Cermoous
1456 3479 1666 3531 prunorum.

551 3614 579 3671 1.
603 3605 805 3672 Crenaeus
819 3621 1021 3680 mnonnrn
1044 3625 1179 3690 quorum
1193 3603 1335 3691 plerique
1358 3603 1465 3670 Latini
1479 3617 1562 3682 sunt,
1585 3603 1678 3690 pauci
1692 3601 1829 3694 Angtiei.
1852 3603 1926 3686 [ie.
1944 3603 2026 3670 Sax-

648 3716 758 3796 onici]

606 3829 763 3894 Videntur
776 3827 818 3892 ed
831 3826 893 3894 hoc
914 3827 1163 3910 [Dunelmense]
1187 3825 1376 3892 Coenobium
1392 3810 1595 3910 pertinuisse:
1619 3825 1692 3890 licet
1705 3823 1810 3889 nullus
1824 3823 1932 3889 titulus
1947 3847 2030 3911 pree·

649 3939 776 4028 ligetur,
798 3938 859 4004 nisi
877 3961 897 4004 a
918 3959 1014 4004 manu
1030 3937 1156 4002 recenti.
1203 3937 1292 4018 [Erit
1309 3933 1444 4016 Smin]
1483 3934 1639 4000 Nonnulli
1653 3937 1737 4002 enim
1757 3935 1830 4000 libri
1844 3936 1878 4000 in
1892 3957 1931 4001 eo
1945 3951 2027 4016 sunt,

648 4051 703 4138 qui
724 4049 820 4116 hodie
840 4051 934 4116 etiam
956 4061 1133 4137 supersunt.
1190 4047 1266 4112 Non
1288 4047 1379 4113 video
1402 4059 1507 4112 autem
1530 4045 1636 4113 Biblia
1658 4047 1808 4138 Hugonis
1824 4047 1984 4135 Episcopi,
2006 4058 2027 4114 4

650 4163 872 4228 voluminibus
886 4164 920 4228 in
934 4161 1029 4228 folio:
1046 4162 1102 4244 [vi.
1119 4163 1161 4227 A.
1178 4183 1216 4226 11.
1235 4167 1281 4244 1.]
1302 4185 1374 4248 quar
1388 4161 1449 4226 hoc
1466 4161 1621 4252 catalogo
1635 4163 1809 4230 recentiora
1823 4163 1923 4250 (quod
1937 4163 2030 4228 etiam

649 4293 692 4339 ex
705 4273 867 4338 literarum
882 4271 981 4340 formh
996 4273 1150 4360 conjicere
1165 4271 1250 4354 licet)
1265 4270 1396 4336 sortasse
1410 4271 1545 4337 luerunt

610 4381 728 4475 lnfine
744 4383 951 4470 subjiciuntur
973 4383 1027 4470 (ab
1042 4383 1101 4452 uit
1117 4385 1226 4466 manu)
1248 4383 1320 4449 libri
1335 4383 1454 4474 aliquot
1476 4383 1601 4450 'I'home
1618 4383 1746 4450 Prioris.
1791 4383 1919 4450 Electus
1935 4385 1961 4450 is
1975 4384 2032 4450 lirit

651 4497 692 4560 A.
702 4493 746 4560 D.
765 4501 859 4562 1162.

608 4606 690 4674 Sunt
702 4617 824 4673 tantum
838 4616 902 4673 tres
919 4605 1059 4698 Paginoe.

551 4775 581 4834 2.
605 4753 695 4834 Folio
709 4767 802 4834 tertio
815 4767 995 4834 inscribitur
1015 4765 1086 4834 haec
1100 4787 1255 4836 norum:
1280 4775 1302 4810 “
1317 4769 1414 4834 Anno
1427 4767 1468 4832 ab
1492 4765 1712 4832 lncarnatione
1733 4763 1866 4832 Domini
1891 4763 1955 4830 ΜΟ.
1973 4765 2029 4834 0⁰.

651 4887 674 4924 ‘⁶
689 4877 851 4958 Lxxv0,
866 4901 931 4968 quo
946 4877 1020 4946 Rex
1030 4875 1192 4944 Henricus
1206 4879 1306 4964 major
1321 4877 1438 4964 recepit
1447 4876 1610 4964 Ligantias
1624 4889 1657 4942 et
1668 4875 1847 4944 Fidelitates
1862 4874 1902 4940 de
1915 4875 2030 4942 Scottis

651 5001 673 5036 “
687 4991 772 5079 apud
788 4991 987 5070 Eboracum3
1011 4989 1141 5080 Dufgul,
1164 4989 1248 5056 filius
1269 4989 1455 5068 Sumerledi,
1479 5001 1511 5056 et
1534 4988 1713 5076 Stephanus
1736 4987 1929 5074 capellanus
1941 5009 2028 5068 suus,

651 5114 719 5172 “et
741 5105 846 5172 Adam
866 5104 907 5170 de
934 5102 1084 5174 Stanlmd
1102 5115 1289 5191 receperunt
1313 5101 1540 5170 fraternitatem
1564 5101 1705 5170 Ecclesia
1725 5111 1842 5178 nostre,
1869 5099 1912 5166 ad
1933 5098 2029 5188 pedes

650 5217 795 5284 “Sancti
818 5215 995 5296 cuthberti,
1018 5217 1051 5280 in
1073 5213 1178 5304 vigilie
1202 5215 1309 5281 Stricti
1333 5212 1558 5280 Bartholomei.
1605 5213 1649 5280 Et
1670 5213 1753 5312 idem
1773 5211 1896 5302 Dusgel
1917 5210 2031 5278 obtulit

650 5328 731 5396 “ibi
751 5328 831 5398 duos
857 5327 968 5396 anulos
993 5349 1105 5394 aureos
1132 5329 1250 5396 Sancto
1276 5325 1462 5406 cuthberto,
1488 5339 1522 5392 et
1546 5325 1690 5412 promisit
1715 5348 1750 5392 ae
1774 5323 1905 5414 singulis
1926 5321 2027 5402 sams

649 5447 671 5482 ‘⁶
684 5440 834 5527 quamdiu
848 5439 971 5518 vixerit,
993 5438 1142 5506 daturum
1165 5437 1343 5504 Conventui
1363 5459 1459 5504 unam
1474 5435 1630 5520 Marcam
1653 5437 1719 5506 sive
1732 5437 1767 5504 in
1781 5434 1939 5514 Demadis,
1961 5432 2028 5500 sive

651 5557 673 5594 “
687 5551 720 5616 in
737 5550 983 5640 Equivalentih.”

608 5663 771 5749 Scriptura
784 5663 923 5750 ejusdem
937 5663 1038 5728 {etatis
1053 5661 1186 5728 videtur.

551 5831 581 5887 s.
604 5821 773 5890 Errsrorn
788 5825 994 5892 muranum
1009 5821 1109 5888 Perre
1125 5819 1169 5886 8²¹³
1183 5841 1228 5888 ao
1246 5819 1423 5888 Roenruu
1436 5823 1743 5890 Ancnmrrscorum
1760 5819 2028 5894 anurcensnm,

651 5953 693 5999 er
709 5935 894 6002 Huoonsn
911 5935 1110 6004 Errscorun
1127 5933 1410 6002 Dunmuansmr.
1845 5929 1936 5996 Folio
1951 5936 1981 5995 3.
1996 5925 2031 5992 b.

612 6043 664 6110 Sic
679 6044 803 6130 incipit:
827 6055 849 6092 ‘⁶
865 6045 1057 6126 Alexander,
1073 6065 1181 6112 servus
1196 6067 1358 6111 servorum
1369 6045 1443 6125 Dei,
1461 6043 1702 6114 venerabilibus
1715 6041 1861 6110 fratribus
1878 6039 1919 6107 R.
1932 6036 2031 6108 ebor.
