4630 7860
780 1131 965 1186 EGGLBSIAE
991 1128 1265 1186 nummulo.

69 1523 192 1602 tm.
203 1529 262 1600 80.
290 1524 475 1600 Posrmnn
493 1547 610 1600 soron
628 1523 845 1602 Marnnnrr.

92 1621 172 1664 rotro

79 1667 188 1711 lssNOBE

331 1698 458 1763 Titulus
472 1697 524 1762 hic
546 1699 578 1762 in
593 1697 694 1765 fronte
715 1699 788 1763 libri
809 1699 933 1788 legitur,
956 1721 1085 1764 amenu
1107 1721 1170 1764 non
1192 1699 1293 1787 primi
1316 1701 1454 1788 quidem,
1478 1702 1533 1768 sed
1548 1704 1766 1771 sansuuustt.

289 1811 328 1876 ln
343 1811 406 1874 line
420 1809 490 1874 haec
504 1823 579 1874 nota
594 1809 799 1875 adscribitur:
824 1819 846 1852 “
859 1811 1079 1896 Expliciuntur
1092 1811 1200 1876 notule
1211 1833 1305 1898 super
1318 1811 1515 1878 Matheum.'’
1560 1814 1658 1892 Quod
1672 1839 1769 1903 quare

289 1923 437 2007 scriptum
453 1923 570 1985 sitnon
585 1921 693 1986 video:
716 1923 857 2008 prolixus
872 1945 946 1989 sane
959 1923 1209 1988 Commentarius
1224 1924 1328 2011 potius
1342 1923 1405 1988 dici
1419 1925 1551 2002 meruit:
1567 1927 1676 2012 implet
1685 1930 1768 1994 enim

288 2033 362 2097 folin
376 2034 498 2098 circiter
514 2043 587 2098 800.

333 2143 474 2228 Scriptus
488 2154 613 2208 estnon
627 2141 814 2221 inaccurotd,
830 2143 919 2208 lineis
934 2143 1049 2222 divisis,
1066 2155 1138 2208 ante
1152 2163 1250 2209 annos
1266 2149 1315 2230 (ut
1328 2141 1464 2228 videtur)
1480 2155 1553 2212 400.

332 2253 492 2320 Numerus
509 2254 657 2341 Cupitum
671 2255 703 2318 in
719 2257 847 2320 summis
862 2256 942 2332 soliis
957 2269 1093 2321 notatur.

335 2366 387 2432 Sic
400 2365 525 2451 incipit:
551 2374 572 2406 ‘⁶
582 2366 620 2430 ln
636 2365 740 2430 medio
755 2367 846 2444 sedis,
863 2380 894 2430 et
909 2367 942 2430 in
956 2368 1087 2430 circuitu
1098 2368 1163 2451 ejus
1179 2379 1312 2453 quatuor
1326 2367 1471 2432 animalia
1484 2367 1579 2454 plens
1592 2369 1690 2436 oculis
1699 2383 1772 2438 ante

293 2485 314 2520 “
329 2489 361 2541 et
374 2488 468 2542 retro.
514 2476 558 2541 Et
571 2476 686 2540 animal
707 2477 845 2562 primum
860 2477 959 2542 simile
974 2477 1093 2542 Leoni:
1117 2489 1148 2541 et
1163 2477 1333 2542 secundum
1349 2479 1463 2542 snhnal
1478 2479 1577 2543 simile
1593 2479 1718 2546 Vitulo:
1742 2495 1773 2546 et

293 2589 456 2653 “tertium
478 2589 593 2653 animm
614 2588 733 2653 habens
754 2589 864 2654 faciem
879 2590 966 2676 quasi
990 2589 1156 2654 Hominis:
1179 2601 1211 2654 et
1232 2601 1377 2677 quartum
1399 2591 1514 2655 animal
1534 2592 1634 2656 simile
1649 2591 1774 2680 Aquilae

294 2709 316 2742 “
331 2701 478 2766 volanti.’'
522 2702 639 2786 [Apoc.
655 2711 686 2766 4.
701 2723 730 2766 v.
747 2709 778 2779 6,
796 2707 843 2782 7.]

340 2814 392 2879 Sic
406 2812 536 2877 desinit:
562 2812 681 2888 “Quid
696 2825 743 2876 est
764 2813 849 2899 quod
871 2813 915 2876 eis
930 2813 1024 2877 dicit:
1049 2814 1219 2878 Vobiscum
1242 2833 1311 2878 sum
1333 2813 1493 2901 usquead
1508 2816 1774 2880 consumationem

296 2933 318 2967 “
332 2923 468 2988 mundi?
513 2924 722 3008 Respondeo:
748 2921 836 2988 Sicut
846 2924 943 2988 voluit
959 2923 1039 2988 Cris.
1056 2924 1333 3010 [Chryso'stomos]
1349 2937 1381 2988 et
1398 2923 1478 2990 Rab.
1495 2926 1690 3008 [Remus]
1734 2925 1774 2992 In

298 3045 319 3078 “
335 3034 494 3120 Apostolis
518 3035 656 3121 loquitur
680 3034 825 3098 omnibus
848 3035 972 3099 electis:
995 3035 1113 3120 inquo
1138 3035 1321 3123 intelligitur
1343 3041 1391 3121 (ut
1413 3035 1488 3100 dicit
1504 3035 1667 3120 Rabanus)
1690 3038 1776 3125 quod

298 3159 319 3193 “
334 3173 431 3237 usqne
454 3149 495 3214 sd
518 3149 613 3214 finem
636 3149 730 3212 seculi
753 3169 817 3212 non
840 3161 912 3214 sunt
933 3147 1061 3213 desituri
1083 3149 1116 3212 in
1138 3149 1258 3214 mundo
1280 3147 1334 3236 qui
1357 3151 1428 3214 duie
1451 3156 1525 3234 [pro
1543 3149 1665 3230 divine]
1687 3171 1776 3215 man-

299 3263 422 3325 “sione
447 3259 721 3326 &inhabitatione
745 3259 808 3325 sint
831 3259 928 3347 digni.
974 3259 1071 3337 Quod
1093 3261 1182 3325 nobis
1205 3261 1364 3340 concedat,
1388 3262 1442 3348 qni
1467 3262 1533 3326 sine
1559 3260 1622 3326 fine
1647 3262 1723 3326 vivit
1745 3275 1777 3328 et

299 3375 472 3462 “regnat'’
1409 3385 1412 3392 '

341 3485 561 3572 Expositiones
574 3486 733 3572 pleraeque
748 3495 820 3549 sunt
835 3483 1010 3573 allegoricae
1025 3495 1057 3548 et
1070 3485 1218 3570 mysticae.

341 3597 380 3661 In
394 3597 458 3662 fine
472 3598 633 3686 subjicitur
652 3603 685 3684 (a
698 3619 793 3663 manu
808 3599 993 3680 recentiore)
1016 3597 1119 3663 Index
1133 3595 1345 3682 alphabeticus
1359 3616 1465 3661 rerum
1479 3597 1512 3660 in
1527 3608 1594 3662 toto
1607 3598 1689 3662 libro
1704 3619 1778 3664 con-

297 3720 462 3775 tentorum.

211 4000 273 4069 31.
300 3993 476 4070 Gonnum
494 4017 611 4068 susan
628 3993 781 4069 Lucan.

344 4161 472 4229 'litulus
485 4161 537 4228 hic
551 4163 584 4227 in
598 4163 700 4228 fronte
721 4163 792 4228 libri
807 4163 904 4228 literis
919 4161 1063 4242 miniatis,
1087 4185 1107 4227 o
1120 4183 1215 4227 manu
1236 4166 1284 4248 (ot
1297 4161 1433 4243 videtur)
1455 4163 1566 4247 primd,
1583 4161 1779 4230 adscribitur.

204 4283 220 4330 ἲ
300 4275 450 4362 Ejusdem
467 4297 581 4339 nomen
596 4275 628 4338 in
644 4273 707 4340 fine
722 4277 814 4340 etiam
829 4273 900 4340 libri
916 4273 1039 4362 legitur,
1056 4273 1111 4338 sed
1126 4297 1145 4338 a
1159 4295 1254 4338 manu
1269 4274 1450 4352 recentiore,
1466 4273 1539 4339 licet
1553 4275 1683 4342 vetustd.

344 4387 495 4452 Nicolaiis
510 4385 563 4450 hic
584 4398 632 4451 est
652 4387 692 4451 de
716 4387 869 4464 Gorham‚
890 4388 962 4464 sive,
991 4386 1030 4451 de
1047 4386 1161 4462 Gerra,
1186 4391 1235 4470 (ut
1255 4397 1384 4448 vocatur
1401 4385 1503 4470 Supra
1518 4384 1587 4450 eod.
1607 4388 1671 4470 ts.)
1686 4407 1781 4474 quem

302 4498 351 4584 alij
376 4497 505 4562 Gallum
520 4512 651 4574 vocent:
674 4498 772 4562 nostri
786 4519 861 4562 vero
877 4497 1061 4581 (Lelandus,
1086 4495 1211 4573 Belem,
1231 4495 1366 4575 Pitseus)
1382 4494 1530 4588 ‘Anglum
1544 4495 1639 4560 fuisse
1653 4509 1782 4561 conten·

301 4607 389 4685 dunt,
405 4609 563 4694 literisque
577 4630 705 4694 operam
719 4607 842 4672 dedisse
858 4607 986 4693 Oxonij,
1009 4607 1042 4669 in
1059 4605 1201 4693 Collegio
1218 4603 1430 4682 Mertonensi3
1453 4619 1485 4668 at
1498 4619 1607 4690 postes
1621 4605 1783 4672 Dominici

263 4712 266 4718 ’
302 4719 474 4784 institutum
490 4719 670 4805 amplexum
684 4719 787 4797 fuisse,
805 4731 836 4782 et
853 4718 979 4784 Parisiis
994 4717 1079 4805 quod
1094 4717 1248 4802 reliquum
1264 4715 1322 4779 fuit
1336 4715 1408 4780 vitae
1422 4715 1531 4803 egisse.

345 4829 408 4896 Sed
432 4830 472 4895 de
497 4833 563 4917 ejus
586 4830 670 4915 apud
694 4829 913 4894 Mertonenses
936 4828 1110 4894 studiorum
1135 4828 1227 4892 coust
1252 4827 1495 4892 commoratione
1520 4837 1601 4894 tacet
1626 4831 1784 4896 Antonius

304 4941 416 5008 Wood
438 4943 470 5018 in
495 4942 690 5028 Scriptorum
714 4940 965 5006 Mertonensinm
983 4940 1145 5029 Catalogo‚
1169 4939 1202 5003 in
1225 4937 1405 5004 Academia:
1420 4937 1610 5005 Oxoniensis
1628 4939 1782 5021 Historia,

305 5055 376 5120 Vol.
393 5054 448 5120 2⁴¹²
463 5078 536 5144 pag.
626 5054 699 5119 Fuit
713 5054 762 5118 vel
785 5053 837 5118 ille
860 5053 999 5140 ejusdem
1023 5053 1156 5140 Collegij
1179 5053 1334 5132 alumnus,
1358 5064 1389 5118 et
1403 5051 1656 5141 diligentissimus
1678 5073 1784 5118 rernm

301 5165 415 5231 harum
435 5166 619 5254 indagator:
642 5189 701 5231 nec
723 5164 845 5230 videtur
869 5167 1039 5231 omissuros
1063 5165 1158 5230 fuisse
1180 5163 1364 5252 scriptorem
1386 5165 1464 5230 tanti
1485 5164 1630 5241 nominis,
1655 5163 1680 5226 si
1697 5164 1784 5250 quic-

304 5301 396 5366 quam
412 5279 488 5343 certi
503 5278 543 5343 de
557 5277 593 5342 eti
608 5301 643 5342 re
658 5277 868 5363 comperisset.
1588 5363 1590 5366 y

350 5391 402 5455 Sic
418 5390 543 5474 incipit:
568 5389 777 5474 “Disciplina
799 5389 912 5454 medici
933 5388 1084 5453 exaltabit
1106 5388 1209 5473 capud
1225 5388 1317 5466 illius,
1341 5401 1372 5452 et
1387 5390 1418 5451 in
1441 5399 1608 5474 conspectu
1623 5401 1785 5477 magnato-

306 5525 376 5568 rum
391 5503 649 5568 collaudabitur.”
695 5503 781 5568 Eccl.
795 5511 845 5568 88.
890 5503 960 5582 [Sic
974 5503 1068 5566 etiam
1082 5501 1115 5564 in
1132 5501 1230 5564 Baleo
1244 5513 1277 5566 et
1292 5501 1436 5582 Pitseo.].

350 5614 402 5678 Sic
417 5613 547 5678 desinit:
573 5622 593 5655 “
606 5613 697 5690 Item,
724 5626 756 5676 et
779 5624 868 5676 erant
893 5631 1016 5695 semper
1041 5611 1074 5672 in
1096 5609 1233 5694 templo:
1257 5621 1375 5686 contra,
1404 5611 1475 5674 Act.
1503 5619 1530 5673 l.
1553 5609 1676 5688 dicitnr,
1700 5607 1787 5696 quod

306 5733 328 5766 ‘⁶
344 5737 523 5790 manserunt
547 5725 581 5788 in
604 5723 762 5788 cenaculo.
808 5723 861 5787 Ad
886 5721 947 5785 hoc
971 5721 1113 5798 dicimus,
1139 5721 1224 5807 quod
1250 5721 1384 5784 vicissim
1409 5720 1602 5799 habitabant,
1631 5721 1784 5786 modain

307 5844 329 5878 “
342 5837 469 5922 templo,
493 5835 534 5900 ad
550 5835 754 5912 Orationem:
777 5834 872 5898 modo
886 5834 919 5898 in
936 5832 1105 5910 Censorio,
1129 5831 1170 5896 ad
1184 5833 1330 5919 quietem.
1376 5831 1451 5898 Hoc
1476 5832 1658 5898 adverbium
1672 5853 1787 5915 seraper

306 5955 328 5990 “
342 5947 419 6014 dicit
432 5948 462 6014 a*
485 5947 632 6029 [alicubi]
646 5945 852 6036 frequentiam
866 5958 899 6011 et
912 5946 1187 6032 opportunitatem,
1203 5966 1267 6008 non
1282 5966 1370 6009 more
1385 5943 1482 6025 [forte
1496 5967 1556 6032 pro
1566 5944 1679 6028 modo]
1693 5944 1787 6011 dura·

311 6067 332 6102 “
346 6060 464 6125 tionem
478 6060 690 6124 continuam.‘'

356 6171 526 6261 subjicitur
539 6172 580 6239 ab
595 6172 655 6241 stit
666 6193 760 6238 manu
776 6170 878 6238 brevis
894 6170 996 6237 lndex
1010 6191 1115 6236 rerum
1130 6167 1352 6255 alphabeticus.

1010 6301 1030 6344 r
