4592 7850
821 987 1007 1040 accusans
1032 985 1306 1040 nuusrnsusrs.
1720 974 1794 1044 283

75 1187 131 1264 C.
150 1189 227 1265 III,
241 1194 277 1270 9,
369 1187 407 1252 ln
433 1186 497 1250 line
519 1184 740 1251 adscribuntur
756 1187 882 1253 Notulae
905 1187 1050 1274 quaedam
1072 1187 1112 1251 de
1129 1187 1282 1251 Cautione
1303 1184 1482 1270 pecuniarii
1497 1184 1638 1271 depositi
1656 1186 1690 1249 in
1707 1185 1794 1252 Cistai

110 1287 213 1330 mulo.
243 1349 245 1354 Ι

328 1298 464 1387 quidam
479 1304 528 1384 (ut
541 1297 677 1380 videtur)
699 1322 759 1384 pro
784 1300 845 1365 hoc
870 1301 951 1366 libro
974 1313 1084 1366 mutuo
1098 1313 1243 1386 accepto:
1267 1321 1400 1386 quarum
1414 1298 1627 1386 antiquissima
1640 1310 1687 1364 est
1702 1299 1742 1364 A.
1750 1299 1794 1364 D.

331 1421 423 1478 1325.
469 1413 554 1476 Ante
568 1433 641 1476 eum
655 1433 772 1476 annum
787 1413 881 1501 igitur
895 1415 1028 1500 scriptus
1050 1429 1097 1478 est
1117 1413 1168 1477 hic
1186 1413 1316 1488 Codex:
1340 1425 1371 1476 et
1385 1411 1463 1476 forte
1478 1414 1571 1477 etiam
1593 1423 1664 1476 ante
1679 1434 1796 1476 anuum

329 1532 422 1588 1300.

370 1637 486 1701 Literoe
501 1635 609 1700 divisa:
623 1647 713 1712 sunt:
737 1635 854 1702 Literae
868 1637 963 1722 paulo
977 1638 1122 1702 minores.

371 1771 458 1836 Huic
470 1771 645 1855 Apparatui
656 1770 854 1858 subjungitur
864 1780 885 1812 “
893 1771 1046 1836 Bemardi
1058 1771 1301 1856 Compostellani
1314 1771 1536 1857 Ileportorium
1545 1771 1802 1858 [Repertorium]

328 1891 349 1924 ‘⁴
364 1905 457 1967 snper
474 1885 637 1966 Apparatu
653 1882 857 1968 innocentij.’'
902 1883 951 1948 Ita
965 1895 1093 1948 vocatur
1108 1883 1140 1945 in
1157 1883 1228 1946 fine.
1274 1883 1312 1946 ln
1330 1883 1569 1950 Proesatiunculi
1581 1887 1701 1950 Auctor
1711 1899 1802 1950 vocat

328 2017 361 2058 se
374 1995 472 2079 Papoe
488 1993 703 2078 Capellanum.
747 1995 801 2060 De
815 2017 854 2059 eo
868 1995 938 2060 vide
955 1996 992 2060 C.
1011 1995 1156 2060 Plutcum
1173 2017 1195 2058 1.
1214 1993 1293 2058 Cod.
1315 2003 1361 2058 ll.
1376 2008 1465 2059 tract.
1485 2006 1513 2059 l.

372 2105 530 2190 Scriptum
546 2117 592 2170 est
606 2104 667 2169 boc
684 2105 903 2190 Repertorium
919 2106 959 2171 ab
973 2105 1033 2171 alit
1047 2129 1144 2170 manu
1163 2129 1257 2191 quam
1273 2107 1453 2190 Apparatus
1468 2107 1552 2190 ipse:
1574 2109 1681 2172 cidem
1698 2122 1803 2174 tamen

329 2220 378 2298 (ut
391 2215 526 2297 videtur)
541 2227 651 2280 aetate:
674 2215 763 2280 lineis
777 2215 965 2292 dimidiatis;
980 2215 1077 2280 literis
1091 2215 1228 2292 minutis,
1244 2216 1437 2292 acuminatis,
1454 2215 1656 2303 elegantibus.

371 2352 410 2416 ln
425 2351 513 2416 initio
527 2364 559 2415 et
572 2349 635 2415 fine
650 2351 721 2414 libri
735 2351 838 2414 insuta
852 2364 924 2416 sunt
939 2375 958 2415 a
974 2351 1160 2438 Bibliopego
1176 2361 1194 2414 8
1212 2349 1284 2414 folia
1299 2375 1316 2414 e
1333 2349 1464 2414 Martini
1482 2351 1594 2416 Poloni
1611 2351 1781 2418 Chronico.

371 2461 411 2528 In
426 2461 547 2526 fronte:
571 2461 702 2526 “Liber
717 2461 824 2546 Magri
842 2461 975 2526 Henrici
991 2462 1030 2526 de
1251 2461 1338 2526 lrisss’

371 2574 427 2639 Aa
439 2574 498 2640 aa
513 2597 630 2638 manu:
654 2574 785 2638 “Lim
801 2575 884 2639 nou.
902 2554 1104 2639 messulam
1121 2573 1247 2639 moun
1263 2575 1434 2639 nauem:

373 2687 494 2770 Supra:
520 2695 541 2727 “
552 2685 604 2750 De
621 2686 728 2772 Regro
743 2687 811 2751 Diri
827 2687 976 2752 Prioris.''

246 3051 302 3115 10.
330 3041 469 3115 Sosiam
487 3064 604 3114 surm:
621 3039 781 3115 Trrums
807 3041 1089 3116 Dacnurnmun
1117 3065 1332 3116 commeari
1351 3068 1374 3116 a
1393 3037 1550 3119 Mac'ao
1569 3048 1617 3122 G.
1637 3075 1673 3122 o.
1702 3049 1802 3124 T'ao

532 3165 684 3240 Domini
702 3165 798 3262 Pape
817 3165 1105 3266 [Subdiacon0.]
1156 3193 1190 3240 v,
1211 3167 1252 3240 C.
1272 3191 1311 3240 11.
1340 3167 1430 3240 Cod.
1454 3177 1509 3242 10.

372 3337 493 3400 Auctor
515 3335 548 3398 in
563 3358 685 3400 summo
700 3335 774 3400 folio
788 3349 916 3401 vocatur
939 3337 1007 3414 (sed
1023 3359 1086 3400 non
1102 3337 1234 3421 aprimri
1250 3340 1358 3418 manu)
1376 3339 1556 3404 Galfridus:
1580 3343 1634 3406 sed
1652 3344 1682 3406 in
1698 3345 1806 3410 codice

324 3447 389 3533 jam
404 3459 576 3510 memorato
602 3447 669 3532 (qui
690 3448 774 3512 idem
796 3459 843 3512 est
864 3471 936 3512 curn
957 3449 1031 3530 hoc)
1058 3449 1232 3533 appellatur
1254 3472 1273 3514 a
1294 3472 1388 3514 manu
1410 3452 1511 3535 primi
1535 3452 1715 3521 Goffredus.
1760 3459 1805 3522 At

328 3557 492 3621 discrimen
507 3579 640 3642 parvam
654 3570 719 3622 est:
744 3557 924 3638 Goffredus,
949 3557 1131 3637 Gaufridus,
1155 3571 1186 3622 et
1202 3559 1363 3624 Galsridus
1385 3561 1468 3625 idem
1489 3585 1605 3628 nomen
1625 3573 1707 3630 sunt'.
1753 3569 1806 3632 Ab

331 3667 434 3732 Hem:
452 3668 663 3746 Gandavensi,
679 3681 711 3732 et
726 3667 871 3733 Gesnero
885 3681 1014 3732 vocatur
1030 3677 1051 3708 “
1062 3667 1103 3732 de
1118 3667 1228 3732 Trano
1238 3672 1266 3732 :’'
1292 3684 1324 3733 at
1338 3671 1370 3733 in
1385 3671 1446 3735 hoc
1463 3673 1582 3736 Codice
1596 3674 1710 3738 dicitur
1733 3685 1754 3716 ‘⁶
1765 3677 1807 3740 de

330 3781 471 3844 Trono.”

375 3917 427 3981 Sic
441 3916 568 4000 incipit:
593 3924 614 3957 “
627 3916 797 3982 Glosarum
812 3915 972 3980 diversitas
987 3915 1222 4004 intelligentiam
1239 3937 1463 4005 nonnunquam
1480 3921 1727 3985 obtenebrat'’-

375 4027 427 4094 Sic
447 4028 578 4092 desinit:
604 4023 679 4092 “Et
700 4041 867 4114 propterea
887 4028 983 4092 malui
1006 4028 1114 4112 repeti,
1139 4051 1233 4114 quam
1255 4027 1372 4095 deesse.
1417 4029 1530 4096 Gratia
1554 4034 1594 4096 sit
1617 4033 1744 4098 Christo
1765 4037 1810 4100 de·

330 4149 351 4180 “
366 4141 453 4225 cujus
467 4161 597 4204 munere
612 4141 717 4204 sisto.”

373 4249 510 4314 Pulchre
525 4253 658 4335 scriptus
673 4263 720 4314 est
741 4250 793 4314 hic
806 4250 905 4328 liber3
928 4249 1017 4314 lineis
1032 4249 1157 4326 divisis:
1180 4250 1277 4315 literis
1290 4253 1386 4337 paulo
1401 4254 1581 4340 majoribus,
1605 4257 1811 4333 acuminatis:

330 4373 402 4426 ante
416 4383 533 4426 manum
552 4371 644 4428 1800.

374 4472 413 4538 In
427 4472 530 4536 fronte
544 4473 633 4537 libri:
659 4469 744 4537 “De
759 4473 808 4537 cdi
822 4473 950 4538 libraria
965 4471 1118 4572 Mo⁰chop
1133 4472 1305 4539 Dunelrii.”

375 4583 428 4649 Ab
442 4583 502 4649 alii
517 4605 632 4648 manu:
657 4583 743 4648 “De
759 4583 894 4672 aegiso.
909 4583 977 4648 Diri
993 4581 1112 4649 Prioris
1127 4581 1299 4648 Dunelrii.”

248 4926 305 4994 11.
333 4919 612 4995 Baarnoconar
629 4943 680 4992 ua
698 4913 847 4993 Snucro
866 4915 1087 4994 Coucounro
1104 4919 1173 5019 [de
1191 4917 1325 4994 Sancta
1342 4919 1560 5007 concordia,
1581 4921 1659 5009 Pin,
1681 4921 1809 4996 Whar-

441 5043 528 5139 ton]
546 5043 712 5118 Onnnns
730 5041 919 5118 Ferreum
937 5041 1241 5117 Prusmcaronun
1260 5067 1309 5116 ms
1328 5041 1443 5117 Prsan
1461 5042 1613 5118 Sumus.

375 5213 426 5276 Ita
439 5225 568 5278 vocatia
583 5214 615 5276 in
637 5213 700 5277 fine
714 5213 787 5276 libri
808 5233 828 5276 a
848 5210 948 5296 primi
964 5233 1079 5276 manu:
1103 5234 1122 5275 a
1136 5213 1310 5276 recentiore
1324 5235 1409 5291 vero,
1432 5214 1466 5277 in
1481 5213 1569 5278 initio
1583 5214 1674 5278 libri:
1699 5215 1812 5293 Casus,

331 5325 405 5402 sive,
422 5323 548 5388 Tabula
563 5323 788 5400 Bartholomei,
815 5323 946 5387 Ordinis
962 5323 1109 5387 Fratrum
1125 5323 1373 5402 Predicatorum,
1404 5346 1498 5409 super
1520 5323 1642 5390 diversa
1656 5325 1762 5404 dubia,
1785 5339 1817 5390 et

333 5434 479 5498 materias
494 5433 704 5498 Decretorum
719 5447 750 5496 et
765 5433 990 5498 Decretalium.

378 5545 431 5610 Sic
446 5545 570 5631 incipit:
596 5554 617 5586 “
629 5543 799 5622 Quoniam,
823 5546 916 5608 nteit
931 5545 1105 5634 Gregorius
1124 5567 1218 5631 super
1242 5544 1448 5624 Ezechielem,
1472 5545 1594 5610 nullum
1608 5548 1814 5633 omnipotenti

333 5664 355 5696 “
370 5653 444 5720 Deo
456 5655 517 5719 tale
532 5655 718 5720 sacrificium
734 5667 789 5732 est,
806 5654 898 5740 quale
913 5654 998 5718 zelus
1013 5667 1061 5718 est
1075 5655 1315 5718 anirnarum”-

375 5769 516 5853 Scriptor
538 5768 590 5832 hic
612 5768 652 5832 ab
667 5767 734 5832 aliis
761 5767 964 5847 [Trithemi0,
992 5767 1146 5846 Gesnero,
1174 5767 1361 5849 Possevino]
1386 5769 1518 5834 Pisanus
1541 5771 1595 5855 (ab
1611 5770 1688 5834 urbe
1703 5771 1735 5832 in
1750 5769 1814 5856 qual

330 5878 421 5960 vixit)
436 5880 683 5968 cognominatur.
731 5881 898 5964 Scripsisse
924 5879 1038 5944 dicitur
1066 5881 1229 5944 Summam
1256 5880 1395 5945 Casuum
1414 5881 1623 5946 Conscientia:
1639 5883 1815 5967 (Sunnnam

334 5989 480 6055 Pisanum
494 5991 589 6078 vulgo
612 5990 741 6072 dictam)
765 6013 836 6076 quae
859 5989 968 6055 eadem
990 6012 1062 6056 cum
1085 5990 1146 6056 boc
1162 5990 1244 6056 libro
1267 5991 1399 6057 videtur.
1452 5991 1505 6058 De
1523 5994 1720 6080 Argumenta
1735 5994 1822 6057 enim
