4650 7852
814 1173 1000 1231 necturna
1023 1174 1302 1232 nunaunausrs.
1728 1156 1801 1237 199

95 1385 141 1460 Β,
161 1381 215 1457 ΙΙ,
233 1385 293 1456 30,
324 1389 372 1444 est
397 1377 481 1442 enim
505 1375 602 1440 literis
628 1375 801 1455 Saxonieis,
829 1378 928 1466 iisqne
951 1379 1187 1467 antiquioribus,
1220 1401 1315 1468 quam
1338 1375 1451 1465 quibus
1476 1373 1529 1464 alij
1561 1375 1645 1464 iique
1665 1379 1791 1459 vetusti,

105 1481 201 1522 '⁰¹⁴⁰‘
320 1491 393 1556 libri
410 1489 525 1574 Scripti
540 1499 630 1552 sunt:
646 1488 731 1574 quod
746 1488 917 1556 conferenti
937 1490 1022 1556 hunc
1037 1493 1151 1558 librum
1169 1513 1242 1558 cum
1256 1492 1318 1556 alio
1332 1491 1462 1577 antiquo
1477 1489 1596 1556 Codice
1609 1488 1702 1577 hujus
1718 1489 1795 1556 Bib-

317 1601 461 1668 liothecae
484 1601 595 1686 (literis
609 1600 717 1664 itidem
734 1601 897 1666 Saxonicis
911 1603 1081 1690 descripto)
1096 1605 1199 1669 statim
1213 1603 1341 1690 patebit
1384 1601 1583 1670 Humiredus
1597 1624 1672 1668 vero
1688 1603 1794 1668 Wan-

319 1713 399 1778 leius
422 1711 482 1797 (vir
497 1712 530 1774 in
544 1711 593 1775 his
615 1710 711 1776 literis
731 1713 1016 1795 exercitatissimus)
1042 1715 1075 1776 in
1098 1715 1158 1777 isto
1174 1713 1292 1778 Codice
1307 1718 1415 1800 (quem
1430 1713 1614 1778 Pontificule
1628 1727 1660 1780 et
1675 1713 1802 1779 Rituale

322 1823 475 1890 Ecclesiae
500 1823 724 1890 Dunelmeusis
745 1839 844 1903 vocat,
867 1826 938 1890 vide
960 1848 1055 1910 supra
1074 1827 1115 1890 A.
1139 1847 1181 1889 tv.
1209 1827 1273 1906 19.)
1299 1824 1507 1910 deprehendit
1528 1847 1657 1890 manum
1680 1827 1800 1891 Scribas

322 1933 494 2020 eujusdam,
521 1935 575 2021 qui
601 1933 659 1998 sub
681 1934 776 1998 finem
795 1935 892 1999 seculi
914 1936 989 1998 noni
1012 1934 1164 2020 (AElfrido
1186 1937 1351 2023 regnante)
1372 1935 1468 2000 vixit:
1491 1935 1586 2022 idque
1607 1937 1640 2000 in
1661 1937 1804 2002 versione

320 2046 512 2110 interlineari
538 2045 824 2122 Danosaxonict3
852 2047 987 2111 utlibet
1013 2047 1079 2131 ipse
1104 2047 1262 2133 aliquanto
1284 2047 1441 2133 antiquior
1464 2046 1615 2112 videatur.
1671 2047 1801 2112 Nullam

321 2158 417 2246 igitur
439 2157 530 2221 video
544 2179 670 2222 causam
696 2179 792 2243 quare
813 2157 865 2222 hic
881 2157 1002 2236 Codex,
1028 2159 1081 2245 qui
1096 2159 1155 2222 istu
1170 2158 1327 2246 antiquior
1347 2169 1395 2224 est
1415 2159 1605 2244 proeoedeuti
1622 2159 1727 2223 seculo
1743 2164 1805 2244 (ΒΝ

323 2270 449 2346 scilicet,
466 2269 498 2332 in
514 2291 577 2356 quo
592 2267 682 2333 Beda
695 2269 786 2350 vixit)
808 2291 873 2334 non
888 2271 928 2334 sit
942 2269 1158 2358 assignandus.
1777 2269 1779 2276 ’

369 2379 480 2444 Habet
488 2379 581 2444 etiam
591 2379 651 2444 alia
662 2379 802 2444 indubiae
812 2380 1182 2468 vetustatisargumenta:
1199 2379 1803 2470 Diphthongosscilieetnoneonnexas,

325 2491 381 2556 sed
396 2491 516 2556 solutas
531 2491 657 2577 ubique,
679 2503 715 2554 ut
728 2514 788 2556 ae:
815 2491 1083 2580 orthographiam
1099 2503 1254 2556 veterem:
1277 2503 1309 2555 et
1322 2491 1427 2556 literas
1443 2490 1593 2556 Miniatas
1615 2513 1696 2576 pene
1710 2511 1804 2555 evan-

327 2601 407 2666 idas.
886 2662 887 2666 ,

374 2713 409 2778 Si
433 2722 537 2776 autem
551 2735 571 2775 a
586 2711 674 2778 Beda
689 2710 863 2799 descriptus
878 2723 934 2792 est,
957 2712 1030 2778 lecit
1051 2713 1084 2777 id
1104 2713 1157 2777 ille
1178 2713 1387 2798 proculdubio
1409 2713 1537 2777 Juvenis
1560 2711 1683 2788 adhuc;
1705 2711 1808 2796 prius·

328 2845 423 2910 quam
447 2821 624 2910 accingeret
649 2845 682 2887 se
707 2822 748 2886 ad
771 2823 868 2888 libros
892 2829 985 2911 (quos
1013 2824 1164 2909 plurimos
1193 2822 1328 2909 scripsit)
1351 2847 1408 2887 suo
1432 2823 1539 2888 Marte
1565 2822 1808 2909 componendos.

330 2935 442 3019 Itaque
456 2955 620 3021 assurgere
641 2933 764 2999 videtur
786 2934 838 2999 hic
854 2935 966 3000 Codex
988 2935 1028 2998 ad
1050 2935 1173 2999 initium
1190 2935 1294 3000 Seculi
1311 2934 1367 2999 8¹¹:
1391 2947 1532 2999 mortuus
1547 2947 1594 2998 est
1608 2935 1691 3000 enim
1708 2933 1807 3012 Beda,
1913 3007 1915 3012 k

329 3046 534 3135 sexagenario
547 3048 657 3132 major,
673 3045 761 3112 AD.
778 3053 850 3116 735.
897 3047 1007 3112 Habet
1020 3047 1099 3134 itaq3
1111 3047 1275 3112 minimum
1289 3047 1374 3110 mille
1388 3067 1497 3110 annos.

247 3409 306 3479 31.
334 3401 521 3478 Hounun
541 3401 703 3478 Paruum
722 3403 933 3478 Vnnronuru
950 3419 1000 3478 nn
1019 3403 1216 3478 Tauroua.

377 3549 515 3614 Nomina
530 3549 706 3630 Festorum,
731 3549 929 3633 Lectionum,
951 3565 983 3618 et
1005 3555 1181 3618 Auctorum
1205 3552 1339 3640 (quoties
1358 3562 1569 3638 apponuntur,
1592 3549 1677 3638 quod
1700 3549 1814 3636 saepids

312 3724 315 3734 ,
334 3673 439 3728 tantm
453 3661 569 3728 factum
583 3683 648 3728 nou
663 3674 710 3729 est
719 3665 742 3746 :)
766 3664 908 3732 Exordia
922 3666 997 3733 item
1013 3665 1226 3731 Homiliarum
1241 3667 1274 3728 in
1290 3664 1430 3750 sequenti
1446 3662 1571 3728 Tabulis
1587 3662 1785 3728 exhihentur.

250 3906 494 3991 [HOMILIAE
518 3907 749 3992 PATRUM]
1179 3998 1391 4050 aunuenmr
1486 3996 1662 4048 nontam:

333 4063 482 4115 FESTUM
499 4064 547 4114 ΕΤ
565 4064 741 4116 HOMILIAE
753 4065 966 4118 EXORDIUM.
1211 4066 1357 4118 Lucrro.
1502 4065 1660 4115 AUCTOR.
1735 4078 1812 4114 rom

334 4179 503 4246 Adventus
518 4179 688 4246 Dominica
700 4181 820 4268 prima:
1199 4181 1280 4247 Mat.
1296 4189 1348 4246 21.
1367 4189 1396 4245 1.
1742 4187 1771 4244 1.

424 4299 446 4333 ‘⁶
462 4292 501 4355 In
517 4292 606 4359 Lucri
620 4293 665 4358 ita
679 4295 830 4382 seriptum
845 4296 912 4360 est''

337 4425 482 4493 Homilia
496 4427 575 4492 elia:
1469 4423 1623 4490 Bernard⁸
1739 4431 1771 4488 2.

424 4547 447 4582 “
462 4540 572 4606 Hodie
586 4541 717 4607 fratres”

345 4673 509 4752 Adventus
524 4675 694 4740 Domiuiea
708 4677 865 4742 secundm
1200 4677 1416 4744 Lue.21.25.
1743 4681 1773 4736 3.

424 4792 447 4827 ‘⁶
460 4785 620 4850 Dominus
634 4808 670 4851 ac
687 4786 880 4852 Redemtor’

309 4927 377 5018 Ι8·
702 4921 811 4986 tertia:
1194 4919 1275 4987 Mat
1295 4928 1344 4986 ll.
1363 4929 1390 4985 1.
1464 4915 1642 5006 Gregorius
1736 4923 1768 4978 4.

426 5037 448 5072 “
463 5030 671 5109 Quereudum
684 5033 776 5110 nobis
790 5034 867 5098 est.”
1515 5067 1517 5074 ·

341 5161 435 5228 Feria
448 5177 570 5251 quarta.
1200 5167 1280 5233 Luc.
1299 5175 1327 5232 1.
1343 5174 1394 5234 26.
1742 5167 1772 5224 5·

426 5283 449 5317 “
464 5275 553 5352 Quid
568 5278 632 5343 sive
647 5277 746 5344 uoluit
761 5276 981 5368 Evangelistc”

340 5405 487 5474 Humilia
500 5409 579 5474 alia:
603 5411 659 5492 [de
672 5413 763 5480 beatri
779 5413 910 5501 Virgine
927 5411 1049 5493 Marii]
1261 5359 1264 5368 Ι
1474 5410 1596 5474 Auctor
1610 5423 1729 5470 recens.
1745 5411 1775 5470 6.
1784 5401 1818 5467 h.

428 5527 450 5594 ‘f
467 5519 594 5588 Novum
609 5526 736 5612 quidem
751 5528 927 5592 canticum’'

341 5651 486 5720 Humilia
500 5654 580 5720 alia:
603 5657 659 5738 [de
674 5659 764 5724 beati
780 5660 928 5747 Virgine]
1475 5656 1597 5721 Auctor
1611 5674 1728 5718 recens.
1745 5662 1775 5717 8.

428 5763 617 5853 “Libenter
631 5769 685 5832 ubi
699 5769 777 5832 mihi
792 5771 923 5857 congr.”

343 5894 487 6002 Humilia
500 5900 580 5968 alia:
604 5903 766 5986 [debete
782 5904 941 5994 Virgine]
1473 5903 1595 5970 Auctor
1609 5921 1728 5968 reeens.
1748 5906 1798 5964 11.

433 6016 455 6052 “
470 6009 546 6076 Non
560 6024 608 6080 est
618 6014 751 6081 dubium
766 6015 935 6104 quicquid'’

1008 6147 1033 6194 x
1046 6127 1069 6190 k
