<?xml version="1.0" encoding="UTF-8"?>
<!DOCTYPE html PUBLIC "-//W3C//DTD XHTML 1.0 Transitional//EN"
    "http://www.w3.org/TR/xhtml1/DTD/xhtml1-transitional.dtd">
<html xmlns="http://www.w3.org/1999/xhtml" xml:lang="en" lang="en">
 <head>
  <title>
</title>
<meta http-equiv="Content-Type" content="text/html;charset=utf-8" />
  <meta name='ocr-system' content='tesseract 3.04.00' />
  <meta name='ocr-capabilities' content='ocr_page ocr_carea ocr_par ocr_line ocrx_word'/>
</head>
<body>
  <div class='ocr_page' id='page_1' title='image "./codicummanuscri00librgoog/codicummanuscri00librgoog_0277.png"; bbox 0 0 4640 7842; ppageno 0'>
   <div class='ocr_carea' id='block_1_1' title="bbox 843 1021 1328 1080">
    <p class='ocr_par' dir='ltr' id='par_1_1' title="bbox 843 1021 1328 1080">
     <span class='ocr_line' id='line_1_1' title="bbox 843 1021 1328 1080; baseline 0 -4"><span class='ocrx_word' id='word_1_1' title='bbox 843 1023 1030 1080; x_wconf 72' lang='lat' dir='ltr'><strong>actuum</strong></span> <span class='ocrx_word' id='word_1_2' title='bbox 1053 1021 1328 1080; x_wconf 62' lang='lat' dir='ltr'><strong>nubamus.</strong></span> 
     </span>
    </p>
   </div>
   <div class='ocr_carea' id='block_1_2' title="bbox 98 1379 1085 1528">
    <p class='ocr_par' dir='ltr' id='par_1_2' title="bbox 98 1379 1085 1528">
     <span class='ocr_line' id='line_1_2' title="bbox 98 1379 1085 1528; baseline 0.014 -68"><span class='ocrx_word' id='word_1_3' title='bbox 98 1379 228 1528; x_wconf 52' lang='lat' dir='ltr'><strong>251.ss</strong></span> <span class='ocrx_word' id='word_1_4' title='bbox 260 1396 318 1480; x_wconf 88' lang='lat'><strong>17.</strong></span> <span class='ocrx_word' id='word_1_5' title='bbox 345 1389 607 1468; x_wconf 81' lang='lat' dir='ltr'><strong>Aarsrorsuss</strong></span> <span class='ocrx_word' id='word_1_6' title='bbox 624 1417 705 1469; x_wconf 84' lang='lat' dir='ltr'><strong>cun</strong></span> <span class='ocrx_word' id='word_1_7' title='bbox 724 1393 916 1488; x_wconf 81' lang='lat' dir='ltr'><strong>Avsnaon,</strong></span> <span class='ocrx_word' id='word_1_8' title='bbox 934 1423 1085 1476; x_wconf 71' lang='lat' dir='ltr'><strong>carrus.</strong></span> 
     </span>
    </p>
   </div>
   <div class='ocr_carea' id='block_1_3' title="bbox 346 1543 1815 2058">
    <p class='ocr_par' dir='ltr' id='par_1_3' title="bbox 346 1543 1815 2058">
     <span class='ocr_line' id='line_1_3' title="bbox 346 1543 1591 1626; baseline 0.004 -22"><span class='ocrx_word' id='word_1_9' title='bbox 346 1549 374 1604; x_wconf 91' lang='lat' dir='ltr'><strong>l.</strong></span> <span class='ocrx_word' id='word_1_10' title='bbox 397 1544 623 1608; x_wconf 81' lang='lat' dir='ltr'><strong>Anrsrorsurs</strong></span> <span class='ocrx_word' id='word_1_11' title='bbox 639 1543 867 1611; x_wconf 84' lang='lat' dir='ltr'><strong>Pursrconun</strong></span> <span class='ocrx_word' id='word_1_12' title='bbox 881 1567 976 1614; x_wconf 77' lang='lat' dir='ltr'><strong>araur</strong></span> <span class='ocrx_word' id='word_1_13' title='bbox 992 1556 1023 1626; x_wconf 78' lang='grc' dir='ltr'><strong>ε,</strong></span> <span class='ocrx_word' id='word_1_14' title='bbox 1039 1567 1113 1614; x_wconf 79' lang='lat' dir='ltr'><strong>cun</strong></span> <span class='ocrx_word' id='word_1_15' title='bbox 1129 1548 1389 1615; x_wconf 79' lang='lat' dir='ltr'><strong>Couuanramo</strong></span> <span class='ocrx_word' id='word_1_16' title='bbox 1405 1547 1591 1612; x_wconf 75' lang='lat' dir='ltr'><strong>Auruncis.</strong></span> 
     </span>
     <span class='ocr_line' id='line_1_4' title="bbox 385 1651 1815 1744; baseline 0 -26"><span class='ocrx_word' id='word_1_17' title='bbox 385 1651 486 1719; x_wconf 71' lang='lat' dir='ltr'><strong>Deest</strong></span> <span class='ocrx_word' id='word_1_18' title='bbox 499 1653 617 1743; x_wconf 87' lang='lat' dir='ltr'><strong>aliquid</strong></span> <span class='ocrx_word' id='word_1_19' title='bbox 637 1656 670 1720; x_wconf 90' lang='lat' dir='ltr'><strong>in</strong></span> <span class='ocrx_word' id='word_1_20' title='bbox 685 1657 789 1721; x_wconf 89' lang='lat' dir='ltr'><strong>initio:</strong></span> <span class='ocrx_word' id='word_1_21' title='bbox 812 1658 845 1722; x_wconf 93' lang='lat' dir='ltr'><strong>in</strong></span> <span class='ocrx_word' id='word_1_22' title='bbox 859 1657 939 1723; x_wconf 83' lang='lat' dir='ltr'><strong>fine:</strong></span> <span class='ocrx_word' id='word_1_23' title='bbox 964 1657 1136 1744; x_wconf 88' lang='lat' dir='ltr'><strong>“Explicit</strong></span> <span class='ocrx_word' id='word_1_24' title='bbox 1151 1658 1294 1724; x_wconf 88' lang='lat' dir='ltr'><strong>Phisicus</strong></span> <span class='ocrx_word' id='word_1_25' title='bbox 1308 1657 1517 1740; x_wconf 84' lang='lat' dir='ltr'><strong>Ar[istotelis]</strong></span> <span class='ocrx_word' id='word_1_26' title='bbox 1538 1678 1611 1724; x_wconf 89' lang='lat' dir='ltr'><strong>cum</strong></span> <span class='ocrx_word' id='word_1_27' title='bbox 1627 1655 1815 1720; x_wconf 77' lang='lat' dir='ltr'><strong>Commenta</strong></span> 
     </span>
     <span class='ocr_line' id='line_1_5' title="bbox 444 1766 651 1852; baseline 0.01 -22"><span class='ocrx_word' id='word_1_28' title='bbox 444 1773 466 1806; x_wconf 79' lang='lat'><strong>‘⁶</strong></span> <span class='ocrx_word' id='word_1_29' title='bbox 478 1766 651 1852; x_wconf 82' lang='lat' dir='ltr'><strong>Averoyz.”</strong></span> 
     </span>
     <span class='ocr_line' id='line_1_6' title="bbox 399 1875 1814 1958; baseline 0.001 -19"><span class='ocrx_word' id='word_1_30' title='bbox 399 1875 500 1941; x_wconf 91' lang='lat' dir='ltr'><strong>Iidem</strong></span> <span class='ocrx_word' id='word_1_31' title='bbox 514 1877 596 1955; x_wconf 84' lang='lat' dir='ltr'><strong>libri,</strong></span> <span class='ocrx_word' id='word_1_32' title='bbox 612 1878 678 1944; x_wconf 80' lang='lat' dir='ltr'><strong>sine</strong></span> <span class='ocrx_word' id='word_1_33' title='bbox 693 1879 843 1958; x_wconf 74' lang='lat' dir='ltr'><strong>Averrois&#39;,</strong></span> <span class='ocrx_word' id='word_1_34' title='bbox 859 1893 1028 1946; x_wconf 89' lang='lat' dir='ltr'><strong>occurrunt</strong></span> <span class='ocrx_word' id='word_1_35' title='bbox 1041 1880 1123 1946; x_wconf 87' lang='lat' dir='ltr'><strong>infra</strong></span> <span class='ocrx_word' id='word_1_36' title='bbox 1135 1881 1168 1946; x_wconf 92' lang='lat' dir='ltr'><strong>in</strong></span> <span class='ocrx_word' id='word_1_37' title='bbox 1181 1877 1294 1947; x_wconf 83' lang='lat' dir='ltr'><strong>Pluteo</strong></span> <span class='ocrx_word' id='word_1_38' title='bbox 1309 1901 1361 1947; x_wconf 94' lang='grc' dir='ltr'><strong>ιιι.</strong></span> <span class='ocrx_word' id='word_1_39' title='bbox 1378 1877 1459 1946; x_wconf 85' lang='lat' dir='ltr'><strong>cod.</strong></span> <span class='ocrx_word' id='word_1_40' title='bbox 1472 1889 1521 1946; x_wconf 76' lang='lat'><strong>14.</strong></span> <span class='ocrx_word' id='word_1_41' title='bbox 1535 1889 1625 1946; x_wconf 88' lang='lat' dir='ltr'><strong>tract.</strong></span> <span class='ocrx_word' id='word_1_42' title='bbox 1643 1889 1670 1944; x_wconf 92' lang='lat'><strong>1.</strong></span> <span class='ocrx_word' id='word_1_43' title='bbox 1686 1891 1718 1944; x_wconf 87' lang='lat' dir='ltr'><strong>et</strong></span> <span class='ocrx_word' id='word_1_44' title='bbox 1733 1875 1814 1944; x_wconf 90' lang='lat' dir='ltr'><strong>Cod.</strong></span> 
     </span>
     <span class='ocr_line' id='line_1_7' title="bbox 431 1995 621 2058; baseline 0.005 -6"><span class='ocrx_word' id='word_1_45' title='bbox 431 1995 481 2058; x_wconf 87' lang='grc'><strong>17.</strong></span> <span class='ocrx_word' id='word_1_46' title='bbox 496 2000 576 2054; x_wconf 82' lang='lat' dir='ltr'><strong>use:</strong></span> <span class='ocrx_word' id='word_1_47' title='bbox 590 1997 621 2054; x_wconf 75' lang='grc'><strong>2.</strong></span> 
     </span>
    </p>
   </div>
   <div class='ocr_carea' id='block_1_4' title="bbox 343 2122 1815 3992">
    <p class='ocr_par' dir='ltr' id='par_1_4' title="bbox 343 2122 1721 2207">
     <span class='ocr_line' id='line_1_8' title="bbox 343 2122 1721 2207; baseline 0.004 -22"><span class='ocrx_word' id='word_1_48' title='bbox 343 2129 373 2186; x_wconf 70' lang='lat'><strong>2.</strong></span> <span class='ocrx_word' id='word_1_49' title='bbox 396 2122 620 2189; x_wconf 79' lang='lat' dir='ltr'><strong>Aarsrorsurs</strong></span> <span class='ocrx_word' id='word_1_50' title='bbox 636 2145 680 2189; x_wconf 81' lang='lat' dir='ltr'><strong>nu</strong></span> <span class='ocrx_word' id='word_1_51' title='bbox 696 2123 790 2192; x_wconf 76' lang='lat' dir='ltr'><strong>Cato</strong></span> <span class='ocrx_word' id='word_1_52' title='bbox 805 2148 847 2192; x_wconf 80' lang='lat' dir='ltr'><strong>nr</strong></span> <span class='ocrx_word' id='word_1_53' title='bbox 862 2127 997 2194; x_wconf 82' lang='lat' dir='ltr'><strong>Munna</strong></span> <span class='ocrx_word' id='word_1_54' title='bbox 1013 2149 1107 2194; x_wconf 83' lang='lat' dir='ltr'><strong>ursnr</strong></span> <span class='ocrx_word' id='word_1_55' title='bbox 1122 2139 1154 2207; x_wconf 79' lang='lat'><strong>4,</strong></span> <span class='ocrx_word' id='word_1_56' title='bbox 1170 2151 1243 2195; x_wconf 76' lang='lat' dir='ltr'><strong>curu</strong></span> <span class='ocrx_word' id='word_1_57' title='bbox 1260 2129 1519 2196; x_wconf 78' lang='lat' dir='ltr'><strong>Couuanranro</strong></span> <span class='ocrx_word' id='word_1_58' title='bbox 1536 2129 1721 2192; x_wconf 83' lang='lat' dir='ltr'><strong>Avuuxors.</strong></span> 
     </span>
    </p>

    <p class='ocr_par' dir='ltr' id='par_1_5' title="bbox 401 2233 1815 2762">
     <span class='ocr_line' id='line_1_9' title="bbox 401 2233 1814 2326; baseline 0.004 -29"><span class='ocrx_word' id='word_1_59' title='bbox 401 2233 548 2298; x_wconf 84' lang='lat' dir='ltr'><strong>Praefatio</strong></span> <span class='ocrx_word' id='word_1_60' title='bbox 563 2235 746 2321; x_wconf 78' lang='lat' dir='ltr'><strong>interpretis</strong></span> <span class='ocrx_word' id='word_1_61' title='bbox 760 2239 804 2302; x_wconf 93' lang='lat' dir='ltr'><strong>sic</strong></span> <span class='ocrx_word' id='word_1_62' title='bbox 819 2239 946 2324; x_wconf 88' lang='lat' dir='ltr'><strong>incipit:</strong></span> <span class='ocrx_word' id='word_1_63' title='bbox 971 2249 992 2280; x_wconf 92' lang='lat'><strong>“</strong></span> <span class='ocrx_word' id='word_1_64' title='bbox 1003 2239 1088 2318; x_wconf 91' lang='lat' dir='ltr'><strong>Tibi,</strong></span> <span class='ocrx_word' id='word_1_65' title='bbox 1103 2241 1260 2326; x_wconf 77' lang='lat' dir='ltr'><strong>Stephane</strong></span> <span class='ocrx_word' id='word_1_66' title='bbox 1275 2240 1315 2305; x_wconf 91' lang='lat' dir='ltr'><strong>de</strong></span> <span class='ocrx_word' id='word_1_67' title='bbox 1328 2241 1464 2306; x_wconf 89' lang='lat' dir='ltr'><strong>Provino</strong></span> <span class='ocrx_word' id='word_1_68' title='bbox 1475 2239 1535 2303; x_wconf 93' lang='lat' dir='ltr'><strong>hoc</strong></span> <span class='ocrx_word' id='word_1_69' title='bbox 1550 2261 1639 2324; x_wconf 93' lang='lat' dir='ltr'><strong>opus,</strong></span> <span class='ocrx_word' id='word_1_70' title='bbox 1654 2237 1740 2326; x_wconf 92' lang='lat' dir='ltr'><strong>quod</strong></span> <span class='ocrx_word' id='word_1_71' title='bbox 1754 2259 1814 2325; x_wconf 82' lang='lat' dir='ltr'><strong>ego</strong></span> 
     </span>
     <span class='ocr_line' id='line_1_10' title="bbox 444 2345 1813 2437; baseline 0.003 -27"><span class='ocrx_word' id='word_1_72' title='bbox 444 2353 466 2386; x_wconf 89' lang='lat'><strong>“</strong></span> <span class='ocrx_word' id='word_1_73' title='bbox 482 2345 622 2411; x_wconf 85' lang='lat' dir='ltr'><strong>Michael</strong></span> <span class='ocrx_word' id='word_1_74' title='bbox 645 2349 757 2414; x_wconf 89' lang='lat' dir='ltr'><strong>Scotus</strong></span> <span class='ocrx_word' id='word_1_75' title='bbox 778 2349 851 2414; x_wconf 89' lang='lat' dir='ltr'><strong>dedi</strong></span> <span class='ocrx_word' id='word_1_76' title='bbox 875 2349 1035 2415; x_wconf 85' lang='lat' dir='ltr'><strong>Latinitati</strong></span> <span class='ocrx_word' id='word_1_77' title='bbox 1054 2375 1095 2415; x_wconf 91' lang='lat' dir='ltr'><strong>ex</strong></span> <span class='ocrx_word' id='word_1_78' title='bbox 1115 2351 1206 2416; x_wconf 92' lang='lat' dir='ltr'><strong>dictis</strong></span> <span class='ocrx_word' id='word_1_79' title='bbox 1222 2353 1408 2430; x_wconf 84' lang='lat' dir='ltr'><strong>Aristotelis,</strong></span> <span class='ocrx_word' id='word_1_80' title='bbox 1425 2351 1598 2437; x_wconf 83' lang='lat' dir='ltr'><strong>specialiter</strong></span> <span class='ocrx_word' id='word_1_81' title='bbox 1618 2349 1813 2414; x_wconf 90' lang='lat' dir='ltr'><strong>commendo.</strong></span> 
     </span>
     <span class='ocr_line' id='line_1_11' title="bbox 444 2457 1813 2549; baseline 0 -27"><span class='ocrx_word' id='word_1_82' title='bbox 444 2457 563 2522; x_wconf 86' lang='lat' dir='ltr'><strong>“Etsi</strong></span> <span class='ocrx_word' id='word_1_83' title='bbox 585 2458 702 2546; x_wconf 86' lang='lat' dir='ltr'><strong>aliquid</strong></span> <span class='ocrx_word' id='word_1_84' title='bbox 718 2461 901 2526; x_wconf 87' lang='lat' dir='ltr'><strong>Aristoteles</strong></span> <span class='ocrx_word' id='word_1_85' title='bbox 915 2463 1137 2549; x_wconf 89' lang='lat' dir='ltr'><strong>incompletum</strong></span> <span class='ocrx_word' id='word_1_86' title='bbox 1158 2463 1275 2528; x_wconf 86' lang='lat' dir='ltr'><strong>dimisit</strong></span> <span class='ocrx_word' id='word_1_87' title='bbox 1295 2465 1328 2527; x_wconf 92' lang='lat' dir='ltr'><strong>in</strong></span> <span class='ocrx_word' id='word_1_88' title='bbox 1350 2463 1568 2528; x_wconf 87' lang='lat' dir='ltr'><strong>constitutione</strong></span> <span class='ocrx_word' id='word_1_89' title='bbox 1587 2461 1756 2539; x_wconf 75' lang='lat' dir='ltr'><strong>mundans,</strong></span> <span class='ocrx_word' id='word_1_90' title='bbox 1778 2461 1813 2523; x_wconf 94' lang='lat' dir='ltr'><strong>in</strong></span> 
     </span>
     <span class='ocr_line' id='line_1_12' title="bbox 443 2569 1815 2663; baseline 0.001 -30"><span class='ocrx_word' id='word_1_91' title='bbox 443 2577 465 2612; x_wconf 75' lang='lat'><strong>‘⁸</strong></span> <span class='ocrx_word' id='word_1_92' title='bbox 479 2569 540 2634; x_wconf 93' lang='lat' dir='ltr'><strong>boc</strong></span> <span class='ocrx_word' id='word_1_93' title='bbox 554 2571 687 2657; x_wconf 80' lang='lat' dir='ltr'><strong>accipies</strong></span> <span class='ocrx_word' id='word_1_94' title='bbox 701 2573 767 2658; x_wconf 89' lang='lat' dir='ltr'><strong>ejus</strong></span> <span class='ocrx_word' id='word_1_95' title='bbox 789 2574 1039 2660; x_wconf 89' lang='lat' dir='ltr'><strong>supplementum</strong></span> <span class='ocrx_word' id='word_1_96' title='bbox 1053 2575 1085 2638; x_wconf 93' lang='lat' dir='ltr'><strong>in</strong></span> <span class='ocrx_word' id='word_1_97' title='bbox 1100 2574 1181 2639; x_wconf 94' lang='lat' dir='ltr'><strong>libro</strong></span> <span class='ocrx_word' id='word_1_98' title='bbox 1196 2574 1390 2663; x_wconf 78' lang='lat' dir='ltr'><strong>Alpetrangi,</strong></span> <span class='ocrx_word' id='word_1_99' title='bbox 1404 2595 1496 2661; x_wconf 89' lang='lat' dir='ltr'><strong>quem</strong></span> <span class='ocrx_word' id='word_1_100' title='bbox 1511 2572 1651 2638; x_wconf 89' lang='lat' dir='ltr'><strong>similiter</strong></span> <span class='ocrx_word' id='word_1_101' title='bbox 1661 2571 1734 2636; x_wconf 87' lang='lat' dir='ltr'><strong>dedi</strong></span> <span class='ocrx_word' id='word_1_102' title='bbox 1745 2571 1815 2636; x_wconf 87' lang='lat' dir='ltr'><strong>lati·</strong></span> 
     </span>
     <span class='ocr_line' id='line_1_13' title="bbox 443 2682 1005 2762; baseline 0.007 -17"><span class='ocrx_word' id='word_1_103' title='bbox 443 2690 465 2724; x_wconf 88' lang='lat'><strong>“</strong></span> <span class='ocrx_word' id='word_1_104' title='bbox 478 2682 579 2762; x_wconf 90' lang='lat' dir='ltr'><strong>nitati,</strong></span> <span class='ocrx_word' id='word_1_105' title='bbox 594 2695 627 2749; x_wconf 88' lang='lat' dir='ltr'><strong>et</strong></span> <span class='ocrx_word' id='word_1_106' title='bbox 640 2707 673 2749; x_wconf 90' lang='lat' dir='ltr'><strong>es</strong></span> <span class='ocrx_word' id='word_1_107' title='bbox 688 2685 721 2748; x_wconf 90' lang='lat' dir='ltr'><strong>in</strong></span> <span class='ocrx_word' id='word_1_108' title='bbox 736 2708 774 2750; x_wconf 91' lang='lat' dir='ltr'><strong>eo</strong></span> <span class='ocrx_word' id='word_1_109' title='bbox 788 2686 1005 2751; x_wconf 85' lang='lat' dir='ltr'><strong>exercitatus.&#39;’</strong></span> 
     </span>
    </p>

    <p class='ocr_par' dir='ltr' id='par_1_6' title="bbox 398 2789 1815 3414">
     <span class='ocr_line' id='line_1_14' title="bbox 398 2789 1812 2880; baseline -0.003 -22"><span class='ocrx_word' id='word_1_110' title='bbox 398 2789 565 2858; x_wconf 83' lang='lat' dir='ltr'><strong>Habemus</strong></span> <span class='ocrx_word' id='word_1_111' title='bbox 588 2793 639 2858; x_wconf 94' lang='lat' dir='ltr'><strong>bic</strong></span> <span class='ocrx_word' id='word_1_112' title='bbox 664 2816 778 2860; x_wconf 89' lang='lat' dir='ltr'><strong>nomen</strong></span> <span class='ocrx_word' id='word_1_113' title='bbox 802 2795 1004 2880; x_wconf 84' lang='lat' dir='ltr'><strong>Interpretis3</strong></span> <span class='ocrx_word' id='word_1_114' title='bbox 1026 2807 1058 2858; x_wconf 93' lang='lat' dir='ltr'><strong>et</strong></span> <span class='ocrx_word' id='word_1_115' title='bbox 1080 2795 1206 2859; x_wconf 88' lang='lat' dir='ltr'><strong>alterius</strong></span> <span class='ocrx_word' id='word_1_116' title='bbox 1231 2795 1323 2858; x_wconf 90' lang='lat' dir='ltr'><strong>etiam</strong></span> <span class='ocrx_word' id='word_1_117' title='bbox 1351 2795 1535 2880; x_wconf 83' lang='lat' dir='ltr'><strong>Scriptoris3</strong></span> <span class='ocrx_word' id='word_1_118' title='bbox 1562 2794 1616 2880; x_wconf 91' lang='lat' dir='ltr'><strong>qui</strong></span> <span class='ocrx_word' id='word_1_119' title='bbox 1639 2793 1702 2856; x_wconf 89' lang='lat' dir='ltr'><strong>sive</strong></span> <span class='ocrx_word' id='word_1_120' title='bbox 1728 2791 1812 2855; x_wconf 90' lang='lat' dir='ltr'><strong>bunc</strong></span> 
     </span>
     <span class='ocr_line' id='line_1_15' title="bbox 442 2901 1814 2994; baseline 0.001 -27"><span class='ocrx_word' id='word_1_121' title='bbox 442 2903 711 2970; x_wconf 82' lang='lat' dir='ltr'><strong>commentarium</strong></span> <span class='ocrx_word' id='word_1_122' title='bbox 731 2907 763 2968; x_wconf 94' lang='lat' dir='ltr'><strong>in</strong></span> <span class='ocrx_word' id='word_1_123' title='bbox 778 2901 837 2970; x_wconf 90' lang='lat' dir='ltr'><strong>hos</strong></span> <span class='ocrx_word' id='word_1_124' title='bbox 852 2907 1028 2970; x_wconf 88' lang='lat' dir='ltr'><strong>Aristotelis</strong></span> <span class='ocrx_word' id='word_1_125' title='bbox 1042 2905 1148 2984; x_wconf 91' lang='lat' dir='ltr'><strong>libros,</strong></span> <span class='ocrx_word' id='word_1_126' title='bbox 1173 2906 1236 2970; x_wconf 88' lang='lat' dir='ltr'><strong>sive</strong></span> <span class='ocrx_word' id='word_1_127' title='bbox 1259 2906 1354 2970; x_wconf 86' lang='lat' dir='ltr'><strong>alium</strong></span> <span class='ocrx_word' id='word_1_128' title='bbox 1376 2906 1415 2970; x_wconf 92' lang='lat' dir='ltr'><strong>de</strong></span> <span class='ocrx_word' id='word_1_129' title='bbox 1437 2905 1498 2970; x_wconf 90' lang='lat' dir='ltr'><strong>hoc</strong></span> <span class='ocrx_word' id='word_1_130' title='bbox 1517 2918 1702 2994; x_wconf 84' lang='lat' dir='ltr'><strong>argumento</strong></span> <span class='ocrx_word' id='word_1_131' title='bbox 1716 2903 1814 2987; x_wconf 88' lang='lat' dir='ltr'><strong>scrip·</strong></span> 
     </span>
     <span class='ocr_line' id='line_1_16' title="bbox 440 3013 1815 3103; baseline -0.001 -25"><span class='ocrx_word' id='word_1_132' title='bbox 440 3015 524 3094; x_wconf 90' lang='lat' dir='ltr'><strong>serit,</strong></span> <span class='ocrx_word' id='word_1_133' title='bbox 539 3015 617 3080; x_wconf 90' lang='lat' dir='ltr'><strong>mibi</strong></span> <span class='ocrx_word' id='word_1_134' title='bbox 638 3018 865 3102; x_wconf 90' lang='lat' dir='ltr'><strong>incompertum</strong></span> <span class='ocrx_word' id='word_1_135' title='bbox 879 3031 935 3081; x_wconf 83' lang='lat' dir='ltr'><strong>est</strong></span> <span class='ocrx_word' id='word_1_136' title='bbox 981 3018 1075 3082; x_wconf 72' lang='lat' dir='ltr'><strong>certo</strong></span> <span class='ocrx_word' id='word_1_137' title='bbox 1089 3017 1123 3080; x_wconf 95' lang='lat' dir='ltr'><strong>hi</strong></span> <span class='ocrx_word' id='word_1_138' title='bbox 1143 3039 1253 3082; x_wconf 91' lang='lat' dir='ltr'><strong>omnes</strong></span> <span class='ocrx_word' id='word_1_139' title='bbox 1277 3018 1510 3103; x_wconf 89' lang='lat' dir='ltr'><strong>Commentarij,</strong></span> <span class='ocrx_word' id='word_1_140' title='bbox 1533 3018 1566 3080; x_wconf 88' lang='lat' dir='ltr'><strong>in</strong></span> <span class='ocrx_word' id='word_1_141' title='bbox 1582 3016 1737 3094; x_wconf 89' lang='lat' dir='ltr'><strong>Indiculo,</strong></span> <span class='ocrx_word' id='word_1_142' title='bbox 1760 3013 1815 3102; x_wconf 92' lang='lat' dir='ltr'><strong>qui</strong></span> 
     </span>
     <span class='ocr_line' id='line_1_17' title="bbox 442 3126 1814 3216; baseline -0.004 -23"><span class='ocrx_word' id='word_1_143' title='bbox 442 3127 554 3194; x_wconf 90' lang='lat' dir='ltr'><strong>Codici</strong></span> <span class='ocrx_word' id='word_1_144' title='bbox 575 3127 758 3216; x_wconf 72' lang='lat' dir='ltr'><strong>praefigitur,</strong></span> <span class='ocrx_word' id='word_1_145' title='bbox 785 3131 922 3193; x_wconf 86' lang='lat' dir='ltr'><strong>Averro&#39;i</strong></span> <span class='ocrx_word' id='word_1_146' title='bbox 942 3128 1129 3193; x_wconf 91' lang='lat' dir='ltr'><strong>tribuuntur.</strong></span> <span class='ocrx_word' id='word_1_147' title='bbox 1175 3127 1217 3193; x_wconf 86' lang='lat' dir='ltr'><strong>Et</strong></span> <span class='ocrx_word' id='word_1_148' title='bbox 1242 3150 1313 3194; x_wconf 89' lang='lat' dir='ltr'><strong>curn</strong></span> <span class='ocrx_word' id='word_1_149' title='bbox 1330 3129 1507 3214; x_wconf 81' lang='lat' dir='ltr'><strong>Stephanus</strong></span> <span class='ocrx_word' id='word_1_150' title='bbox 1529 3126 1569 3192; x_wconf 89' lang='lat' dir='ltr'><strong>de</strong></span> <span class='ocrx_word' id='word_1_151' title='bbox 1593 3127 1730 3192; x_wconf 87' lang='lat' dir='ltr'><strong>Provino</strong></span> <span class='ocrx_word' id='word_1_152' title='bbox 1747 3129 1814 3212; x_wconf 89' lang='lat' dir='ltr'><strong>jam</strong></span> 
     </span>
     <span class='ocr_line' id='line_1_18' title="bbox 438 3235 1814 3329; baseline -0.004 -27"><span class='ocrx_word' id='word_1_153' title='bbox 438 3237 532 3304; x_wconf 84' lang='lat' dir='ltr'><strong>fuerit</strong></span> <span class='ocrx_word' id='word_1_154' title='bbox 551 3240 584 3303; x_wconf 91' lang='lat' dir='ltr'><strong>in</strong></span> <span class='ocrx_word' id='word_1_155' title='bbox 599 3241 786 3329; x_wconf 78' lang='lat' dir='ltr'><strong>Alpetrangi</strong></span> <span class='ocrx_word' id='word_1_156' title='bbox 807 3240 888 3304; x_wconf 87' lang='lat' dir='ltr'><strong>libro</strong></span> <span class='ocrx_word' id='word_1_157' title='bbox 902 3240 1098 3318; x_wconf 87' lang='lat' dir='ltr'><strong>exercitatus,</strong></span> <span class='ocrx_word' id='word_1_158' title='bbox 1121 3239 1243 3303; x_wconf 84' lang='lat' dir='ltr'><strong>videtur</strong></span> <span class='ocrx_word' id='word_1_159' title='bbox 1264 3239 1343 3302; x_wconf 88' lang='lat' dir='ltr'><strong>alius</strong></span> <span class='ocrx_word' id='word_1_160' title='bbox 1358 3261 1425 3302; x_wconf 91' lang='lat' dir='ltr'><strong>esse</strong></span> <span class='ocrx_word' id='word_1_161' title='bbox 1447 3238 1540 3301; x_wconf 88' lang='lat' dir='ltr'><strong>abeo</strong></span> <span class='ocrx_word' id='word_1_162' title='bbox 1562 3259 1655 3322; x_wconf 86' lang='lat' dir='ltr'><strong>quern</strong></span> <span class='ocrx_word' id='word_1_163' title='bbox 1669 3235 1714 3298; x_wconf 91' lang='lat' dir='ltr'><strong>illi</strong></span> <span class='ocrx_word' id='word_1_164' title='bbox 1729 3257 1814 3298; x_wconf 93' lang='lat' dir='ltr'><strong>nunc</strong></span> 
     </span>
     <span class='ocr_line' id='line_1_19' title="bbox 439 3349 540 3414; baseline 0.02 -2"><span class='ocrx_word' id='word_1_165' title='bbox 439 3349 540 3414; x_wconf 76' lang='lat' dir='ltr'><strong>offert.</strong></span> 
     </span>
    </p>

    <p class='ocr_par' dir='ltr' id='par_1_7' title="bbox 399 3456 1814 3649">
     <span class='ocr_line' id='line_1_20' title="bbox 399 3456 1814 3547; baseline -0.004 -23"><span class='ocrx_word' id='word_1_166' title='bbox 399 3458 451 3524; x_wconf 91' lang='lat' dir='ltr'><strong>Sic</strong></span> <span class='ocrx_word' id='word_1_167' title='bbox 475 3459 584 3545; x_wconf 88' lang='lat' dir='ltr'><strong>incipit</strong></span> <span class='ocrx_word' id='word_1_168' title='bbox 606 3461 875 3528; x_wconf 77' lang='lat' dir='ltr'><strong>Commentarius:</strong></span> <span class='ocrx_word' id='word_1_169' title='bbox 900 3463 1018 3539; x_wconf 87' lang='lat' dir='ltr'><strong>“Quia</strong></span> <span class='ocrx_word' id='word_1_170' title='bbox 1042 3463 1101 3526; x_wconf 83' lang='lat' dir='ltr'><strong>iste</strong></span> <span class='ocrx_word' id='word_1_171' title='bbox 1121 3461 1241 3547; x_wconf 91' lang='lat' dir='ltr'><strong>primus</strong></span> <span class='ocrx_word' id='word_1_172' title='bbox 1266 3460 1355 3538; x_wconf 88' lang='lat' dir='ltr'><strong>liber,</strong></span> <span class='ocrx_word' id='word_1_173' title='bbox 1382 3460 1414 3521; x_wconf 89' lang='lat' dir='ltr'><strong>in</strong></span> <span class='ocrx_word' id='word_1_174' title='bbox 1437 3479 1501 3545; x_wconf 90' lang='lat' dir='ltr'><strong>quo</strong></span> <span class='ocrx_word' id='word_1_175' title='bbox 1515 3458 1653 3544; x_wconf 86' lang='lat' dir='ltr'><strong>loquitur</strong></span> <span class='ocrx_word' id='word_1_176' title='bbox 1666 3457 1707 3520; x_wconf 93' lang='lat' dir='ltr'><strong>de</strong></span> <span class='ocrx_word' id='word_1_177' title='bbox 1721 3456 1814 3520; x_wconf 89' lang='lat' dir='ltr'><strong>rebus</strong></span> 
     </span>
     <span class='ocr_line' id='line_1_21' title="bbox 441 3571 955 3649; baseline 0.012 -16"><span class='ocrx_word' id='word_1_178' title='bbox 441 3577 463 3610; x_wconf 77' lang='lat'><strong>‘⁴</strong></span> <span class='ocrx_word' id='word_1_179' title='bbox 476 3571 682 3649; x_wconf 89' lang='lat' dir='ltr'><strong>sensibilibus,</strong></span> <span class='ocrx_word' id='word_1_180' title='bbox 698 3573 955 3638; x_wconf 86' lang='lat' dir='ltr'><strong>naturalibus”-</strong></span> 
     </span>
    </p>

    <p class='ocr_par' dir='ltr' id='par_1_8' title="bbox 399 3679 824 3748">
     <span class='ocr_line' id='line_1_22' title="bbox 399 3679 824 3748; baseline 0.009 -4"><span class='ocrx_word' id='word_1_181' title='bbox 399 3679 523 3744; x_wconf 89' lang='lat' dir='ltr'><strong>Folium</strong></span> <span class='ocrx_word' id='word_1_182' title='bbox 537 3694 713 3746; x_wconf 88' lang='lat' dir='ltr'><strong>extremum</strong></span> <span class='ocrx_word' id='word_1_183' title='bbox 727 3682 824 3748; x_wconf 69' lang='lat' dir='ltr'><strong>deest.</strong></span> 
     </span>
    </p>

    <p class='ocr_par' dir='ltr' id='par_1_9' title="bbox 397 3791 1813 3992">
     <span class='ocr_line' id='line_1_23' title="bbox 397 3791 1813 3882; baseline -0.002 -25"><span class='ocrx_word' id='word_1_184' title='bbox 397 3792 627 3882; x_wconf 80' lang='lat' dir='ltr'><strong>Alpetrangum</strong></span> <span class='ocrx_word' id='word_1_185' title='bbox 652 3795 859 3881; x_wconf 86' lang='lat' dir='ltr'><strong>(scriptorem,</strong></span> <span class='ocrx_word' id='word_1_186' title='bbox 874 3807 910 3862; x_wconf 88' lang='lat' dir='ltr'><strong>ut</strong></span> <span class='ocrx_word' id='word_1_187' title='bbox 922 3797 1055 3876; x_wconf 83' lang='lat' dir='ltr'><strong>videtur,</strong></span> <span class='ocrx_word' id='word_1_188' title='bbox 1079 3797 1232 3880; x_wconf 87' lang='lat' dir='ltr'><strong>Arabem)</strong></span> <span class='ocrx_word' id='word_1_189' title='bbox 1246 3818 1400 3882; x_wconf 82' lang='lat' dir='ltr'><strong>nusquam</strong></span> <span class='ocrx_word' id='word_1_190' title='bbox 1415 3793 1557 3858; x_wconf 85' lang='lat' dir='ltr'><strong>invenio:</strong></span> <span class='ocrx_word' id='word_1_191' title='bbox 1582 3791 1636 3856; x_wconf 92' lang='lat' dir='ltr'><strong>sed</strong></span> <span class='ocrx_word' id='word_1_192' title='bbox 1653 3791 1813 3856; x_wconf 86' lang='lat' dir='ltr'><strong>Gesnerus</strong></span> 
     </span>
     <span class='ocr_line' id='line_1_24' title="bbox 439 3903 1525 3992; baseline 0.001 -25"><span class='ocrx_word' id='word_1_193' title='bbox 439 3904 483 3967; x_wconf 89' lang='lat' dir='ltr'><strong>ait</strong></span> <span class='ocrx_word' id='word_1_194' title='bbox 498 3903 720 3992; x_wconf 79' lang='lat' dir='ltr'><strong>Albetagnium</strong></span> <span class='ocrx_word' id='word_1_195' title='bbox 735 3906 875 3972; x_wconf 83' lang='lat' dir='ltr'><strong>Arabem</strong></span> <span class='ocrx_word' id='word_1_196' title='bbox 889 3907 1047 3992; x_wconf 84' lang='lat' dir='ltr'><strong>scripsisse</strong></span> <span class='ocrx_word' id='word_1_197' title='bbox 1062 3905 1177 3972; x_wconf 90' lang='lat' dir='ltr'><strong>librum</strong></span> <span class='ocrx_word' id='word_1_198' title='bbox 1191 3907 1231 3970; x_wconf 87' lang='lat' dir='ltr'><strong>de</strong></span> <span class='ocrx_word' id='word_1_199' title='bbox 1245 3919 1332 3970; x_wconf 91' lang='lat' dir='ltr'><strong>motu</strong></span> <span class='ocrx_word' id='word_1_200' title='bbox 1349 3905 1525 3970; x_wconf 88' lang='lat' dir='ltr'><strong>Stellarum.</strong></span> 
     </span>
    </p>
   </div>
   <div class='ocr_carea' id='block_1_5' title="bbox 340 4039 1812 4682">
    <p class='ocr_par' dir='ltr' id='par_1_10' title="bbox 340 4039 1812 4682">
     <span class='ocr_line' id='line_1_25' title="bbox 340 4039 1540 4118; baseline -0.002 -14"><span class='ocrx_word' id='word_1_201' title='bbox 340 4047 369 4104; x_wconf 76' lang='grc'><strong>8.</strong></span> <span class='ocrx_word' id='word_1_202' title='bbox 393 4039 618 4104; x_wconf 79' lang='lat' dir='ltr'><strong>Anrsrornms</strong></span> <span class='ocrx_word' id='word_1_203' title='bbox 633 4059 678 4104; x_wconf 83' lang='lat' dir='ltr'><strong>ns</strong></span> <span class='ocrx_word' id='word_1_204' title='bbox 693 4039 815 4106; x_wconf 79' lang='lat' dir='ltr'><strong>Aurum</strong></span> <span class='ocrx_word' id='word_1_205' title='bbox 830 4061 924 4106; x_wconf 76' lang='lat' dir='ltr'><strong>amar</strong></span> <span class='ocrx_word' id='word_1_206' title='bbox 941 4053 970 4118; x_wconf 77' lang='grc'><strong>3,</strong></span> <span class='ocrx_word' id='word_1_207' title='bbox 994 4063 1066 4106; x_wconf 81' lang='lat' dir='ltr'><strong>cun</strong></span> <span class='ocrx_word' id='word_1_208' title='bbox 1083 4041 1341 4106; x_wconf 75' lang='lat' dir='ltr'><strong>Consusurnruo</strong></span> <span class='ocrx_word' id='word_1_209' title='bbox 1358 4041 1540 4104; x_wconf 83' lang='lat' dir='ltr'><strong>Avunnors.</strong></span> 
     </span>
     <span class='ocr_line' id='line_1_26' title="bbox 398 4148 1704 4236; baseline -0.002 -22"><span class='ocrx_word' id='word_1_210' title='bbox 398 4149 523 4214; x_wconf 87' lang='lat' dir='ltr'><strong>Folium</strong></span> <span class='ocrx_word' id='word_1_211' title='bbox 537 4150 674 4235; x_wconf 89' lang='lat' dir='ltr'><strong>primum</strong></span> <span class='ocrx_word' id='word_1_212' title='bbox 689 4152 827 4216; x_wconf 90' lang='lat' dir='ltr'><strong>excisum</strong></span> <span class='ocrx_word' id='word_1_213' title='bbox 843 4163 898 4217; x_wconf 88' lang='lat' dir='ltr'><strong>est.</strong></span> <span class='ocrx_word' id='word_1_214' title='bbox 944 4153 981 4216; x_wconf 89' lang='lat' dir='ltr'><strong>In</strong></span> <span class='ocrx_word' id='word_1_215' title='bbox 998 4153 1080 4216; x_wconf 87' lang='lat' dir='ltr'><strong>line:</strong></span> <span class='ocrx_word' id='word_1_216' title='bbox 1106 4152 1277 4236; x_wconf 86' lang='lat' dir='ltr'><strong>“Explicit</strong></span> <span class='ocrx_word' id='word_1_217' title='bbox 1292 4151 1514 4215; x_wconf 82' lang='lat' dir='ltr'><strong>Commeatum</strong></span> <span class='ocrx_word' id='word_1_218' title='bbox 1531 4148 1704 4235; x_wconf 53' lang='lat' dir='ltr'><strong>Avero&#39;yzfl</strong></span> 
     </span>
     <span class='ocr_line' id='line_1_27' title="bbox 397 4257 1812 4326; baseline -0.003 -2"><span class='ocrx_word' id='word_1_219' title='bbox 397 4260 575 4324; x_wconf 88' lang='lat' dir='ltr'><strong>Aristotelis</strong></span> <span class='ocrx_word' id='word_1_220' title='bbox 600 4260 673 4326; x_wconf 88' lang='lat' dir='ltr'><strong>libri</strong></span> <span class='ocrx_word' id='word_1_221' title='bbox 698 4261 764 4326; x_wconf 89' lang='lat' dir='ltr'><strong>sine</strong></span> <span class='ocrx_word' id='word_1_222' title='bbox 781 4262 922 4326; x_wconf 69' lang='lat' dir='ltr'><strong>Averroii</strong></span> <span class='ocrx_word' id='word_1_223' title='bbox 944 4273 1114 4326; x_wconf 89' lang='lat' dir='ltr'><strong>occurrunt</strong></span> <span class='ocrx_word' id='word_1_224' title='bbox 1134 4260 1213 4324; x_wconf 76' lang='lat' dir='ltr'><strong>iniri</strong></span> <span class='ocrx_word' id='word_1_225' title='bbox 1237 4261 1269 4324; x_wconf 93' lang='lat' dir='ltr'><strong>in</strong></span> <span class='ocrx_word' id='word_1_226' title='bbox 1294 4260 1406 4324; x_wconf 90' lang='lat' dir='ltr'><strong>Plutco</strong></span> <span class='ocrx_word' id='word_1_227' title='bbox 1430 4281 1482 4323; x_wconf 94' lang='grc' dir='ltr'><strong>ιιι.</strong></span> <span class='ocrx_word' id='word_1_228' title='bbox 1499 4257 1579 4322; x_wconf 91' lang='lat' dir='ltr'><strong>Cod.</strong></span> <span class='ocrx_word' id='word_1_229' title='bbox 1606 4266 1655 4322; x_wconf 84' lang='lat'><strong>14.</strong></span> <span class='ocrx_word' id='word_1_230' title='bbox 1677 4268 1765 4322; x_wconf 83' lang='lat' dir='ltr'><strong>tract</strong></span> <span class='ocrx_word' id='word_1_231' title='bbox 1783 4267 1812 4322; x_wconf 84' lang='lat'><strong>8.</strong></span> 
     </span>
     <span class='ocr_line' id='line_1_28' title="bbox 439 4371 886 4442; baseline 0 -6"><span class='ocrx_word' id='word_1_232' title='bbox 439 4383 472 4436; x_wconf 93' lang='lat' dir='ltr'><strong>et</strong></span> <span class='ocrx_word' id='word_1_233' title='bbox 485 4371 560 4436; x_wconf 86' lang='lat' dir='ltr'><strong>ibid.</strong></span> <span class='ocrx_word' id='word_1_234' title='bbox 585 4371 665 4434; x_wconf 90' lang='lat' dir='ltr'><strong>Cod.</strong></span> <span class='ocrx_word' id='word_1_235' title='bbox 685 4379 733 4442; x_wconf 90' lang='grc'><strong>17.</strong></span> <span class='ocrx_word' id='word_1_236' title='bbox 751 4384 839 4436; x_wconf 85' lang='lat' dir='ltr'><strong>tract</strong></span> <span class='ocrx_word' id='word_1_237' title='bbox 856 4382 886 4436; x_wconf 87' lang='lat'><strong>8.</strong></span> 
     </span>
     <span class='ocr_line' id='line_1_29' title="bbox 396 4481 1418 4560; baseline -0.005 -12"><span class='ocrx_word' id='word_1_238' title='bbox 396 4481 525 4548; x_wconf 82' lang='lat' dir='ltr'><strong>Etcum</strong></span> <span class='ocrx_word' id='word_1_239' title='bbox 541 4485 692 4560; x_wconf 75' lang='lat' dir='ltr'><strong>Averroii,</strong></span> <span class='ocrx_word' id='word_1_240' title='bbox 708 4483 783 4548; x_wconf 90' lang='lat' dir='ltr'><strong>ibid.</strong></span> <span class='ocrx_word' id='word_1_241' title='bbox 801 4483 882 4548; x_wconf 93' lang='lat' dir='ltr'><strong>Cod.</strong></span> <span class='ocrx_word' id='word_1_242' title='bbox 901 4492 949 4550; x_wconf 90' lang='grc'><strong>15.</strong></span> <span class='ocrx_word' id='word_1_243' title='bbox 965 4496 1054 4549; x_wconf 79' lang='lat' dir='ltr'><strong>tract.</strong></span> <span class='ocrx_word' id='word_1_244' title='bbox 1071 4493 1102 4548; x_wconf 75' lang='lat'><strong>2.</strong></span> <span class='ocrx_word' id='word_1_245' title='bbox 1124 4497 1156 4547; x_wconf 90' lang='lat' dir='ltr'><strong>et</strong></span> <span class='ocrx_word' id='word_1_246' title='bbox 1169 4483 1248 4548; x_wconf 90' lang='lat' dir='ltr'><strong>Cod.</strong></span> <span class='ocrx_word' id='word_1_247' title='bbox 1268 4491 1316 4548; x_wconf 95' lang='grc'><strong>15.</strong></span> <span class='ocrx_word' id='word_1_248' title='bbox 1332 4494 1372 4544; x_wconf 89' lang='lat' dir='ltr'><strong>tr.</strong></span> <span class='ocrx_word' id='word_1_249' title='bbox 1391 4489 1418 4544; x_wconf 93' lang='lat' dir='ltr'><strong>l.</strong></span> 
     </span>
     <span class='ocr_line' id='line_1_30' title="bbox 397 4592 1455 4682; baseline -0.002 -24"><span class='ocrx_word' id='word_1_250' title='bbox 397 4593 604 4681; x_wconf 81' lang='lat' dir='ltr'><strong>sequentibus</strong></span> <span class='ocrx_word' id='word_1_251' title='bbox 620 4595 860 4659; x_wconf 81' lang='lat' dir='ltr'><strong>Commentariis</strong></span> <span class='ocrx_word' id='word_1_252' title='bbox 876 4595 1053 4660; x_wconf 84' lang='lat' dir='ltr'><strong>Aristotelis</strong></span> <span class='ocrx_word' id='word_1_253' title='bbox 1067 4595 1139 4658; x_wconf 92' lang='lat' dir='ltr'><strong>libri</strong></span> <span class='ocrx_word' id='word_1_254' title='bbox 1153 4616 1217 4657; x_wconf 92' lang='lat' dir='ltr'><strong>non</strong></span> <span class='ocrx_word' id='word_1_255' title='bbox 1232 4592 1455 4682; x_wconf 78' lang='lat' dir='ltr'><strong>adjunguntur.</strong></span> 
     </span>
    </p>
   </div>
   <div class='ocr_carea' id='block_1_6' title="bbox 341 4728 1515 5158">
    <p class='ocr_par' dir='ltr' id='par_1_11' title="bbox 341 4728 1515 5158">
     <span class='ocr_line' id='line_1_31' title="bbox 341 4728 1232 4794; baseline -0.001 -2"><span class='ocrx_word' id='word_1_256' title='bbox 341 4737 372 4793; x_wconf 79' lang='lat'><strong>4.</strong></span> <span class='ocrx_word' id='word_1_257' title='bbox 394 4730 556 4794; x_wconf 77' lang='lat' dir='ltr'><strong>Araxorz</strong></span> <span class='ocrx_word' id='word_1_258' title='bbox 573 4728 805 4794; x_wconf 76' lang='lat' dir='ltr'><strong>Counsnrun</strong></span> <span class='ocrx_word' id='word_1_259' title='bbox 821 4749 865 4793; x_wconf 79' lang='lat' dir='ltr'><strong>ns</strong></span> <span class='ocrx_word' id='word_1_260' title='bbox 882 4729 993 4794; x_wconf 82' lang='lat' dir='ltr'><strong>Snusu</strong></span> <span class='ocrx_word' id='word_1_261' title='bbox 1009 4749 1052 4792; x_wconf 82' lang='lat' dir='ltr'><strong>ar</strong></span> <span class='ocrx_word' id='word_1_262' title='bbox 1068 4729 1232 4793; x_wconf 69' lang='lat' dir='ltr'><strong>Sensuro.</strong></span> 
     </span>
     <span class='ocr_line' id='line_1_32' title="bbox 399 4815 1191 4926; baseline -0.004 -21"><span class='ocrx_word' id='word_1_263' title='bbox 399 4839 451 4906; x_wconf 91' lang='lat' dir='ltr'><strong>Sic</strong></span> <span class='ocrx_word' id='word_1_264' title='bbox 466 4841 592 4926; x_wconf 89' lang='lat' dir='ltr'><strong>incipit:</strong></span> <span class='ocrx_word' id='word_1_265' title='bbox 617 4841 788 4904; x_wconf 85' lang='lat' dir='ltr'><strong>“Virtutes</strong></span> <span class='ocrx_word' id='word_1_266' title='bbox 803 4839 930 4926; x_wconf 90' lang='lat' dir='ltr'><strong>quidem</strong></span> <span class='ocrx_word' id='word_1_267' title='bbox 945 4815 1191 4904; x_wconf 41' lang='lat' dir='ltr'><strong>sensibiles-⁰</strong></span> 
     </span>
     <span class='ocr_line' id='line_1_33' title="bbox 399 4947 1515 5018; baseline -0.007 -1"><span class='ocrx_word' id='word_1_268' title='bbox 399 4951 546 5018; x_wconf 91' lang='lat' dir='ltr'><strong>Occurrit</strong></span> <span class='ocrx_word' id='word_1_269' title='bbox 559 4952 641 5016; x_wconf 83' lang='lat' dir='ltr'><strong>infra</strong></span> <span class='ocrx_word' id='word_1_270' title='bbox 654 4952 687 5014; x_wconf 93' lang='lat' dir='ltr'><strong>in</strong></span> <span class='ocrx_word' id='word_1_271' title='bbox 704 4951 816 5016; x_wconf 86' lang='lat' dir='ltr'><strong>Pluteo</strong></span> <span class='ocrx_word' id='word_1_272' title='bbox 833 4973 885 5016; x_wconf 91' lang='grc' dir='ltr'><strong>ιιι.</strong></span> <span class='ocrx_word' id='word_1_273' title='bbox 903 4949 983 5016; x_wconf 91' lang='lat' dir='ltr'><strong>Cod.</strong></span> <span class='ocrx_word' id='word_1_274' title='bbox 1003 4959 1052 5016; x_wconf 90' lang='grc'><strong>15.</strong></span> <span class='ocrx_word' id='word_1_275' title='bbox 1067 4961 1157 5014; x_wconf 75' lang='lat' dir='ltr'><strong>tract.</strong></span> <span class='ocrx_word' id='word_1_276' title='bbox 1174 4957 1203 5015; x_wconf 84' lang='lat'><strong>5.</strong></span> <span class='ocrx_word' id='word_1_277' title='bbox 1218 4961 1250 5013; x_wconf 90' lang='lat' dir='ltr'><strong>et</strong></span> <span class='ocrx_word' id='word_1_278' title='bbox 1266 4947 1346 5013; x_wconf 86' lang='lat' dir='ltr'><strong>cod.</strong></span> <span class='ocrx_word' id='word_1_279' title='bbox 1366 4956 1414 5013; x_wconf 88' lang='lat'><strong>16.</strong></span> <span class='ocrx_word' id='word_1_280' title='bbox 1431 4957 1469 5009; x_wconf 89' lang='lat' dir='ltr'><strong>tr.</strong></span> <span class='ocrx_word' id='word_1_281' title='bbox 1486 4955 1515 5010; x_wconf 93' lang='grc'><strong>5.</strong></span> 
     </span>
     <span class='ocr_line' id='line_1_34' title="bbox 399 5061 1479 5158; baseline -0.006 -30"><span class='ocrx_word' id='word_1_282' title='bbox 399 5063 442 5128; x_wconf 87' lang='lat' dir='ltr'><strong>Et</strong></span> <span class='ocrx_word' id='word_1_283' title='bbox 457 5065 634 5130; x_wconf 90' lang='lat' dir='ltr'><strong>Aristotelis</strong></span> <span class='ocrx_word' id='word_1_284' title='bbox 648 5064 728 5128; x_wconf 88' lang='lat' dir='ltr'><strong>liber</strong></span> <span class='ocrx_word' id='word_1_285' title='bbox 742 5063 809 5158; x_wconf 85' lang='lat' dir='ltr'><strong>sine</strong></span> <span class='ocrx_word' id='word_1_286' title='bbox 825 5063 1070 5143; x_wconf 85' lang='lat' dir='ltr'><strong>Commentario,</strong></span> <span class='ocrx_word' id='word_1_287' title='bbox 1086 5063 1161 5128; x_wconf 90' lang='lat' dir='ltr'><strong>ibid.</strong></span> <span class='ocrx_word' id='word_1_288' title='bbox 1179 5061 1259 5128; x_wconf 84' lang='lat' dir='ltr'><strong>Cod.</strong></span> <span class='ocrx_word' id='word_1_289' title='bbox 1279 5067 1328 5130; x_wconf 87' lang='grc'><strong>17.</strong></span> <span class='ocrx_word' id='word_1_290' title='bbox 1344 5071 1433 5124; x_wconf 81' lang='lat' dir='ltr'><strong>tract.</strong></span> <span class='ocrx_word' id='word_1_291' title='bbox 1450 5067 1479 5124; x_wconf 90' lang='lat'><strong>9.</strong></span> 
     </span>
    </p>
   </div>
   <div class='ocr_carea' id='block_1_7' title="bbox 341 5199 1565 5610">
    <p class='ocr_par' dir='ltr' id='par_1_12' title="bbox 341 5199 1565 5610">
     <span class='ocr_line' id='line_1_35' title="bbox 341 5199 1417 5266; baseline -0.002 -5"><span class='ocrx_word' id='word_1_292' title='bbox 341 5205 371 5262; x_wconf 83' lang='lat'><strong>5.</strong></span> <span class='ocrx_word' id='word_1_293' title='bbox 394 5199 554 5263; x_wconf 78' lang='lat' dir='ltr'><strong>Araxouz</strong></span> <span class='ocrx_word' id='word_1_294' title='bbox 571 5199 803 5266; x_wconf 82' lang='lat' dir='ltr'><strong>Conusurun</strong></span> <span class='ocrx_word' id='word_1_295' title='bbox 819 5221 863 5266; x_wconf 84' lang='lat' dir='ltr'><strong>na</strong></span> <span class='ocrx_word' id='word_1_296' title='bbox 880 5200 1054 5265; x_wconf 80' lang='lat' dir='ltr'><strong>Msnoxra</strong></span> <span class='ocrx_word' id='word_1_297' title='bbox 1070 5221 1112 5264; x_wconf 78' lang='lat' dir='ltr'><strong>ar</strong></span> <span class='ocrx_word' id='word_1_298' title='bbox 1128 5199 1417 5264; x_wconf 81' lang='lat' dir='ltr'><strong>Ranrmscuumn.</strong></span> 
     </span>
     <span class='ocr_line' id='line_1_36' title="bbox 400 5308 1392 5398; baseline -0.003 -25"><span class='ocrx_word' id='word_1_299' title='bbox 400 5308 452 5373; x_wconf 89' lang='lat' dir='ltr'><strong>Sic</strong></span> <span class='ocrx_word' id='word_1_300' title='bbox 468 5309 593 5395; x_wconf 90' lang='lat' dir='ltr'><strong>incipit:</strong></span> <span class='ocrx_word' id='word_1_301' title='bbox 619 5317 640 5350; x_wconf 90' lang='lat'><strong>“</strong></span> <span class='ocrx_word' id='word_1_302' title='bbox 654 5310 821 5376; x_wconf 83' lang='lat' dir='ltr'><strong>Tractatus</strong></span> <span class='ocrx_word' id='word_1_303' title='bbox 836 5311 893 5376; x_wconf 89' lang='lat' dir='ltr'><strong>iste</strong></span> <span class='ocrx_word' id='word_1_304' title='bbox 909 5312 1018 5398; x_wconf 92' lang='lat' dir='ltr'><strong>incipit</strong></span> <span class='ocrx_word' id='word_1_305' title='bbox 1032 5312 1072 5376; x_wconf 91' lang='lat' dir='ltr'><strong>de</strong></span> <span class='ocrx_word' id='word_1_306' title='bbox 1089 5309 1392 5375; x_wconf 85' lang='lat' dir='ltr'><strong>Rememoratione.”</strong></span> 
     </span>
     <span class='ocr_line' id='line_1_37' title="bbox 399 5417 1565 5489; baseline -0.006 -5"><span class='ocrx_word' id='word_1_307' title='bbox 399 5419 548 5484; x_wconf 87' lang='lat' dir='ltr'><strong>Occurrit</strong></span> <span class='ocrx_word' id='word_1_308' title='bbox 560 5419 642 5485; x_wconf 85' lang='lat' dir='ltr'><strong>infra</strong></span> <span class='ocrx_word' id='word_1_309' title='bbox 655 5421 688 5484; x_wconf 89' lang='lat' dir='ltr'><strong>iu</strong></span> <span class='ocrx_word' id='word_1_310' title='bbox 705 5421 817 5486; x_wconf 90' lang='lat' dir='ltr'><strong>Pluteo</strong></span> <span class='ocrx_word' id='word_1_311' title='bbox 832 5444 885 5487; x_wconf 93' lang='grc' dir='ltr'><strong>ιιι.</strong></span> <span class='ocrx_word' id='word_1_312' title='bbox 903 5422 983 5488; x_wconf 87' lang='lat' dir='ltr'><strong>Cod.</strong></span> <span class='ocrx_word' id='word_1_313' title='bbox 1002 5431 1051 5489; x_wconf 89' lang='grc'><strong>15.</strong></span> <span class='ocrx_word' id='word_1_314' title='bbox 1067 5435 1156 5486; x_wconf 82' lang='lat' dir='ltr'><strong>tract</strong></span> <span class='ocrx_word' id='word_1_315' title='bbox 1173 5431 1202 5486; x_wconf 79' lang='lat'><strong>8.</strong></span> <span class='ocrx_word' id='word_1_316' title='bbox 1218 5431 1250 5484; x_wconf 89' lang='lat' dir='ltr'><strong>et</strong></span> <span class='ocrx_word' id='word_1_317' title='bbox 1265 5417 1346 5483; x_wconf 87' lang='lat' dir='ltr'><strong>cod.</strong></span> <span class='ocrx_word' id='word_1_318' title='bbox 1366 5425 1415 5482; x_wconf 88' lang='lat'><strong>16.</strong></span> <span class='ocrx_word' id='word_1_319' title='bbox 1431 5425 1519 5480; x_wconf 79' lang='lat' dir='ltr'><strong>tract</strong></span> <span class='ocrx_word' id='word_1_320' title='bbox 1535 5421 1565 5478; x_wconf 88' lang='grc'><strong>6.</strong></span> 
     </span>
     <span class='ocr_line' id='line_1_38' title="bbox 399 5525 1503 5610; baseline -0.005 -16"><span class='ocrx_word' id='word_1_321' title='bbox 399 5529 442 5594; x_wconf 88' lang='lat' dir='ltr'><strong>Et</strong></span> <span class='ocrx_word' id='word_1_322' title='bbox 456 5529 633 5596; x_wconf 82' lang='lat' dir='ltr'><strong>Aristotelis</strong></span> <span class='ocrx_word' id='word_1_323' title='bbox 647 5531 728 5596; x_wconf 91' lang='lat' dir='ltr'><strong>liber</strong></span> <span class='ocrx_word' id='word_1_324' title='bbox 742 5533 809 5596; x_wconf 88' lang='lat' dir='ltr'><strong>sine</strong></span> <span class='ocrx_word' id='word_1_325' title='bbox 826 5532 1070 5610; x_wconf 87' lang='lat' dir='ltr'><strong>Commentario,</strong></span> <span class='ocrx_word' id='word_1_326' title='bbox 1087 5530 1162 5594; x_wconf 93' lang='lat' dir='ltr'><strong>ibid.</strong></span> <span class='ocrx_word' id='word_1_327' title='bbox 1182 5529 1262 5594; x_wconf 92' lang='lat' dir='ltr'><strong>Cod.</strong></span> <span class='ocrx_word' id='word_1_328' title='bbox 1281 5535 1330 5596; x_wconf 84' lang='lat'><strong>17.</strong></span> <span class='ocrx_word' id='word_1_329' title='bbox 1346 5538 1434 5590; x_wconf 87' lang='lat' dir='ltr'><strong>tract.</strong></span> <span class='ocrx_word' id='word_1_330' title='bbox 1454 5525 1503 5591; x_wconf 83' lang='grc' dir='ltr'><strong>1οζ</strong></span> 
     </span>
    </p>
   </div>
   <div class='ocr_carea' id='block_1_8' title="bbox 343 5664 1517 6083">
    <p class='ocr_par' dir='ltr' id='par_1_13' title="bbox 343 5664 1517 6083">
     <span class='ocr_line' id='line_1_39' title="bbox 343 5664 1248 5733; baseline 0 -3"><span class='ocrx_word' id='word_1_331' title='bbox 343 5674 374 5730; x_wconf 88' lang='grc'><strong>6.</strong></span> <span class='ocrx_word' id='word_1_332' title='bbox 397 5664 559 5731; x_wconf 81' lang='lat' dir='ltr'><strong>Ausaouz</strong></span> <span class='ocrx_word' id='word_1_333' title='bbox 577 5667 806 5733; x_wconf 79' lang='grc' dir='ltr'><strong>Οοιιιιιιιιιιιιι</strong></span> <span class='ocrx_word' id='word_1_334' title='bbox 823 5689 866 5732; x_wconf 81' lang='lat' dir='ltr'><strong>ns</strong></span> <span class='ocrx_word' id='word_1_335' title='bbox 884 5669 1024 5733; x_wconf 78' lang='lat' dir='ltr'><strong>Souruo</strong></span> <span class='ocrx_word' id='word_1_336' title='bbox 1040 5689 1082 5732; x_wconf 80' lang='lat' dir='ltr'><strong>su</strong></span> <span class='ocrx_word' id='word_1_337' title='bbox 1096 5667 1248 5732; x_wconf 80' lang='lat' dir='ltr'><strong>Vromrn.</strong></span> 
     </span>
     <span class='ocr_line' id='line_1_40' title="bbox 401 5775 1297 5864; baseline 0.002 -24"><span class='ocrx_word' id='word_1_338' title='bbox 401 5775 454 5840; x_wconf 89' lang='lat' dir='ltr'><strong>Sic</strong></span> <span class='ocrx_word' id='word_1_339' title='bbox 468 5777 596 5862; x_wconf 90' lang='lat' dir='ltr'><strong>incipit:</strong></span> <span class='ocrx_word' id='word_1_340' title='bbox 621 5786 642 5821; x_wconf 87' lang='lat'><strong>“</strong></span> <span class='ocrx_word' id='word_1_341' title='bbox 655 5779 738 5843; x_wconf 92' lang='lat' dir='ltr'><strong>Cum</strong></span> <span class='ocrx_word' id='word_1_342' title='bbox 747 5781 814 5864; x_wconf 89' lang='lat' dir='ltr'><strong>jam</strong></span> <span class='ocrx_word' id='word_1_343' title='bbox 828 5779 965 5845; x_wconf 87' lang='lat' dir='ltr'><strong>diximus</strong></span> <span class='ocrx_word' id='word_1_344' title='bbox 980 5781 1020 5844; x_wconf 92' lang='lat' dir='ltr'><strong>de</strong></span> <span class='ocrx_word' id='word_1_345' title='bbox 1034 5777 1094 5844; x_wconf 79' lang='lat' dir='ltr'><strong>htc</strong></span> <span class='ocrx_word' id='word_1_346' title='bbox 1109 5777 1297 5842; x_wconf 84' lang='lat' dir='ltr'><strong>Virtute”-</strong></span> 
     </span>
     <span class='ocr_line' id='line_1_41' title="bbox 399 5885 1517 5978; baseline -0.002 -26"><span class='ocrx_word' id='word_1_347' title='bbox 399 5887 548 5953; x_wconf 89' lang='lat' dir='ltr'><strong>Occurrit</strong></span> <span class='ocrx_word' id='word_1_348' title='bbox 561 5888 641 5954; x_wconf 81' lang='lat' dir='ltr'><strong>inira</strong></span> <span class='ocrx_word' id='word_1_349' title='bbox 656 5891 689 5954; x_wconf 86' lang='lat' dir='ltr'><strong>in</strong></span> <span class='ocrx_word' id='word_1_350' title='bbox 706 5889 818 5956; x_wconf 89' lang='lat' dir='ltr'><strong>Pluteo</strong></span> <span class='ocrx_word' id='word_1_351' title='bbox 834 5913 887 5957; x_wconf 92' lang='grc' dir='ltr'><strong>ιιι.</strong></span> <span class='ocrx_word' id='word_1_352' title='bbox 904 5890 985 5956; x_wconf 87' lang='lat' dir='ltr'><strong>Cod.</strong></span> <span class='ocrx_word' id='word_1_353' title='bbox 1004 5899 1053 5957; x_wconf 90' lang='grc'><strong>15.</strong></span> <span class='ocrx_word' id='word_1_354' title='bbox 1068 5901 1157 5956; x_wconf 86' lang='lat' dir='ltr'><strong>tract.</strong></span> <span class='ocrx_word' id='word_1_355' title='bbox 1173 5899 1204 5956; x_wconf 88' lang='grc'><strong>6.</strong></span> <span class='ocrx_word' id='word_1_356' title='bbox 1219 5899 1252 5954; x_wconf 88' lang='lat' dir='ltr'><strong>et</strong></span> <span class='ocrx_word' id='word_1_357' title='bbox 1266 5885 1347 5954; x_wconf 86' lang='lat' dir='ltr'><strong>cod.</strong></span> <span class='ocrx_word' id='word_1_358' title='bbox 1366 5893 1416 5978; x_wconf 83' lang='grc'><strong>16.</strong></span> <span class='ocrx_word' id='word_1_359' title='bbox 1431 5896 1470 5951; x_wconf 86' lang='lat' dir='ltr'><strong>tr.</strong></span> <span class='ocrx_word' id='word_1_360' title='bbox 1487 5891 1517 5957; x_wconf 89' lang='grc'><strong>7.</strong></span> 
     </span>
     <span class='ocr_line' id='line_1_42' title="bbox 401 5995 1485 6083; baseline 0 -21"><span class='ocrx_word' id='word_1_361' title='bbox 401 5998 444 6062; x_wconf 89' lang='lat' dir='ltr'><strong>Et</strong></span> <span class='ocrx_word' id='word_1_362' title='bbox 458 5999 634 6068; x_wconf 83' lang='lat' dir='ltr'><strong>Aristotelis</strong></span> <span class='ocrx_word' id='word_1_363' title='bbox 649 6001 730 6068; x_wconf 90' lang='lat' dir='ltr'><strong>liber</strong></span> <span class='ocrx_word' id='word_1_364' title='bbox 743 6003 810 6068; x_wconf 86' lang='lat' dir='ltr'><strong>sine</strong></span> <span class='ocrx_word' id='word_1_365' title='bbox 826 6002 1070 6083; x_wconf 83' lang='lat' dir='ltr'><strong>Commentario,</strong></span> <span class='ocrx_word' id='word_1_366' title='bbox 1093 6001 1169 6070; x_wconf 90' lang='lat' dir='ltr'><strong>ibid.</strong></span> <span class='ocrx_word' id='word_1_367' title='bbox 1186 5995 1267 6067; x_wconf 91' lang='lat' dir='ltr'><strong>Cod.</strong></span> <span class='ocrx_word' id='word_1_368' title='bbox 1285 6006 1335 6072; x_wconf 89' lang='grc'><strong>17.</strong></span> <span class='ocrx_word' id='word_1_369' title='bbox 1350 6009 1440 6064; x_wconf 80' lang='lat' dir='ltr'><strong>tract</strong></span> <span class='ocrx_word' id='word_1_370' title='bbox 1454 6005 1485 6064; x_wconf 84' lang='grc'><strong>6.</strong></span> 
     </span>
    </p>
   </div>
   <div class='ocr_carea' id='block_1_9' title="bbox 0 0 2324 7842">
    <p class='ocr_par' dir='ltr' id='par_1_14' title="bbox 0 0 2324 7842">
     <span class='ocr_line' id='line_1_43' title="bbox 0 0 2324 7842; baseline 0 0"><span class='ocrx_word' id='word_1_371' title='bbox 0 0 2324 7842; x_wconf 95' lang='lat' dir='ltr'><strong> </strong></span> 
     </span>
    </p>
   </div>
  </div>
 </body>
</html>
