4650 7852
327 1586 421 1630 rotro.

1065 1117 1222 1172 comeus
1247 1118 1501 1172 mervacum:

331 1488 374 1562 B.
393 1487 425 1563 Ι.
450 1498 510 1568 922.
541 1503 573 1570 1.
593 1495 1294 1599 Tnouns[Aou1nas]nnVaa1rurn.

594 1643 633 1708 In
655 1643 719 1710 fine
741 1644 832 1711 libri:
858 1645 1073 1732 “Expliciuut
1087 1644 1277 1724 Questiones
1291 1643 1333 1710 de
1348 1643 1489 1712 Veritate
1504 1642 1676 1714 secuudum
1696 1639 1866 1712 'Ibomm
1910 1639 2016 1712 Amen

639 1753 747 1820 dicant
761 1757 875 1822 omnic

659 2014 680 2048 ‘⁶
696 2005 878 2096 Nititirrquc
892 2009 1013 2074 cautius
1027 2007 1092 2072 Dei
1106 2009 1237 2072 verbum
1251 2006 1328 2084 fari3

659 2129 681 2164 ‘⁶
696 2121 797 2187 Hunc
811 2133 977 2188 tractuum
991 2121 1135 2209 primitus
1150 2118 1273 2183 studeat
1287 2117 1404 2198 rimari,

505 1941 509 1948 -
658 1901 680 1935 “
695 1892 862 1980 Quispiam
877 1895 1071 1984 Theologus,
1088 1894 1142 1982 qui
1157 1894 1368 1972 sermocinari,

603 1893 640 2328 i
658 2241 679 2275 “
694 2233 804 2300 Potest
817 2247 850 2300 et
863 2233 1007 2301 subtilitis
1021 2247 1093 2322 post
1107 2233 1329 2322 argumentari.

656 2389 678 2423 “
694 2381 799 2448 Multe
814 2384 873 2449 sub
887 2381 1085 2468 compendio,
1101 2392 1175 2446 sunt
1188 2379 1240 2444 bio
1255 2378 1464 2456 Questiones;

657 2503 678 2538 ‘⁶
693 2495 737 2560 Et
750 2517 859 2560 earum
873 2496 953 2560 serie
966 2505 1040 2559 sunt
1054 2491 1242 2556 solutiones:

656 2613 677 2646 ‘⁶
692 2605 782 2682 Quas
797 2605 822 2668 si
838 2605 907 2692 quis
921 2605 1109 2691 conceperit,
1124 2603 1240 2690 poterit
1256 2603 1425 2668 Sermones

654 2725 675 2760 ‘⁶
692 2717 860 2783 Predicare
873 2718 998 2805 populis
1013 2717 1098 2804 apud
1112 2715 1279 2806 Legiones.

655 2873 678 2908 ‘⁶
693 2865 826 2932 librum
841 2867 895 2954 qui
910 2865 1086 2952 composuit
1099 2865 1185 2928 bunc
1199 2863 1239 2928 de
1255 2863 1405 2940 veritate,

654 2987 676 3021 “
692 2977 735 3044 Et
748 2979 802 3065 qui
817 2977 949 3062 scripsit,
964 2975 1124 3066 gaudeant
1136 2974 1257 3040 summi
1275 2975 1431 3038 Sanitate:

655 3097 677 3132 ‘⁸
692 3087 817 3164 Quibus
832 3087 938 3152 (licant
953 3088 1080 3177 Angeli,
1097 3087 1167 3152 Viri
1181 3085 1343 3163 exultate,-

654 3207 676 3242 “
692 3197 826 3264 Gaudiis
841 3197 989 3276 accedite,
1006 3197 1142 3286 Debque
1156 3201 1309 3264 cantate.”

589 3348 642 3414 Ex
655 3349 831 3414 versibus4
854 3349 1019 3434 postremis
1041 3348 1195 3436 conjicere
1216 3347 1299 3427 licet,
1324 3347 1475 3413 Codicem
1496 3349 1581 3414 hunc
1605 3348 1763 3436 Scriptum
1779 3349 1872 3416 unse
1887 3349 2014 3416 ‘lnomt

629 3461 733 3526 adbuc
748 3461 829 3539 vivo,
852 3461 901 3525 ie.
917 3471 989 3526 aute
1003 3481 1122 3524 annum
1140 3467 1233 3529 1275.
1291 3461 1391 3546 Optat
1405 3461 1488 3524 enim
1513 3461 1623 3526 Scriba
1642 3473 1674 3526 et
1688 3463 1821 3528 Auctori
1835 3474 1867 3528 et
1881 3463 1951 3541 sibi,
1966 3463 2014 3527 vi-

628 3587 694 3638 tam
708 3593 836 3648 sanam:
852 3583 968 3657 etpost
982 3581 1115 3635 mortem
1130 3569 1317 3634 felicitatem
1333 3585 1492 3636 artemam.

588 3685 752 3770 Scriptura
765 3682 979 3769 superioribus
993 3703 1058 3746 non
1073 3681 1231 3746 dissimilis
1245 3695 1309 3758 est:
1325 3681 1381 3747 sed
1395 3683 1498 3748 minus
1513 3683 1649 3773 elegans.

528 3830 559 3887 2.
582 3821 624 3888 T.
651 3843 694 3886 ns
719 3821 978 3886 nerinorum
1003 3839 1041 3882 ru
1067 3839 1207 3896 nrvrrus,
1230 3838 1273 3882 rr
1297 3819 1557 3899 Smnnumna,
1580 3841 1624 3889 cr
1643 3820 1847 3890 Norrrruaus
1874 3843 1942 3910 pur
1966 3843 2011 3890 nn

585 3933 665 4000 Duo
681 3950 932 3998 rnsnrcanrun.

585 4045 712 4110 Titulus
736 4042 788 4107 hic
813 4065 832 4106 a
854 4063 951 4106 manu
974 4039 1139 4106 recentiori
1163 4053 1210 4106 est
1233 4040 1307 4106 folio
1330 4043 1433 4128 primo
1456 4041 1640 4130 inscriptus:
1675 4047 1779 4111 nullus
1803 4059 1850 4112 est
1872 4071 1892 4112 a
1915 4070 2008 4112 manu

627 4153 739 4241 rn'mi·
1348 4231 1352 4238 ,
1573 4221 1578 4234 .

587 4267 621 4332 Si
637 4267 728 4332 litera
742 4263 783 4328 T.
800 4263 958 4328 'lbomam
978 4262 1171 4347 Aquinatem
1183 4275 1281 4340 notat,
1304 4263 1455 4328 habemus
1477 4265 1529 4330 hic
1545 4265 1728 4332 Tractatum
1751 4271 1825 4334 satis
1839 4272 2009 4354 prolixum,

628 4375 752 4462 (implet
765 4373 849 4438 enim
865 4371 942 4436 folia
958 4379 1030 4450 106,
1057 4384 1089 4436 et
1110 4369 1309 4457 imperfectus
1330 4387 1378 4438 est
1392 4373 1485 4438 etiam
1500 4375 1533 4438 in
1555 4374 1632 4457 fine)
1655 4377 1709 4463 qui
1730 4377 1814 4443 inter
1833 4381 1898 4465 ejus
1913 4401 2010 4466 opera

625 4509 691 4552 non
705 4497 895 4550 recensetur.

585 4597 637 4666 Sic
651 4597 779 4684 incipit:
804 4603 825 4637 “
838 4593 997 4680 Expedito
1010 4615 1109 4682 usque
1123 4593 1186 4658 huc
1200 4616 1220 4658 a
1234 4594 1307 4661 5:¹⁸⁰
1327 4596 1470 4662 Articulo
1484 4597 1525 4664 de
1546 4599 1772 4683 pertinentibus
1794 4599 1826 4663 in
1841 4599 1954 4666 divinis
1968 4601 2009 4667 ad

627 4711 807 4780 Relationes
821 4709 965 4796 proprias
980 4720 1012 4773 et
1025 4707 1261 4774 nationales’'-

584 4826 747 4912 Scriptura
759 4822 870 4888 eadem
883 4833 931 4888 est
944 4841 1017 4886 cum
1030 4832 1166 4886 tractatu
1179 4821 1341 4908 superiori.

441 5097 499 5167 23.
529 5091 723 5166 Scurrrun
741 5085 888 5162 Tuom
905 5108 1023 5160 suren
1040 5075 1187 5158 amnon
1206 5083 1453 5160 Ernlconuu.

569 5240 619 5304 Ita
633 5249 762 5303 vocatur
784 5235 815 5298 in
838 5233 928 5298 initio
948 5233 1038 5312 iibri3
1064 5233 1098 5296 in
1118 5231 1182 5298 fine
1204 5233 1265 5296 sic:
1291 5232 1462 5318 “Explicit
1477 5233 1609 5298 Summa
1629 5255 1723 5318 super
1744 5233 1859 5298 librum
1876 5233 2008 5302 Ethico-

526 5361 547 5394 “
561 5373 642 5428 rum,
666 5347 750 5413 edita
763 5369 782 5410 a
795 5345 891 5410 fratre
906 5343 1032 5410 Thomu
1044 5343 1085 5408 de
1100 5343 1271 5430 Alquino.”
1315 5348 1360 5423 [v.
1377 5341 1511 5408 Codices
1523 5353 1554 5422 9,
1574 5353 1623 5422 18,
1637 5350 1695 5426 29]
1710 5357 1742 5410 et
1757 5344 1882 5410 Thome
1896 5347 2006 5414 ultima

524 5461 620 5526 rerba
634 5473 716 5539 sunt,
741 5467 762 5500 “
774 5456 970 5522 Terminatio
987 5457 1116 5522 Summe
1130 5455 1225 5520 totius
1238 5454 1311 5518 libri
1327 5453 1543 5520 Ethicorum.”
2064 5453 2074 5470 ’
2091 5455 2094 5462 ’

566 5571 733 5656 Expositio
755 5581 802 5634 est
818 5567 996 5634 Aristotelis
1020 5565 1207 5631 Ethicorum
1229 5565 1270 5630 ad
1286 5563 1535 5631 Nicomachum:
1560 5566 1623 5632 Sed
1639 5567 1762 5633 Textus
1777 5565 2005 5647 Aristotelicus,

524 5681 577 5769 qui
591 5681 625 5742 in
639 5681 729 5744 editis
743 5679 831 5744 libris
847 5678 1081 5743 Commentario
1096 5677 1169 5742 huic
1183 5675 1373 5765 adjungitur,
1388 5676 1440 5742 hic
1455 5679 1588 5743 omissus
1602 5692 1658 5744 est.

568 5791 730 5875 Scriptura
744 5791 883 5878 ejusdem
897 5790 1020 5878 generis
1035 5799 1082 5852 eat
1096 5811 1167 5852 cum
1184 5787 1320 5875 reliquis,
1336 5787 1409 5852 licet
1422 5787 1526 5854 minus
1540 5801 1704 5866 accurata:
1720 5799 1751 5852 et
1766 5793 1815 5874 (ut
1828 5789 1906 5854 mihi
1920 5789 2008 5854 vide-

523 5905 588 5984 tur)
604 5901 697 5966 etiam
707 5903 816 5965 aetatis.
862 5899 957 5966 Certe
971 5921 1034 5966 vox
1050 5896 1196 5961 “fratre”
1213 5897 1351 5962 indicare
1367 5897 1490 5962 videtur
1506 5901 1665 5986 Scriptum
1681 5897 1774 5964 fuisse
1789 5912 1956 5987 antequam
1971 5901 2005 5964 in

526 6017 715 6081 Sanctorum
729 6031 896 6075 numerum
910 6011 1025 6074 relatus
1040 6021 1138 6085 esset;
1158 6013 1287 6088 [lm]
1306 6019 1415 6092 postea
1430 6011 1512 6074 enim
1537 6019 1558 6054 “
1572 6012 1704 6078 Sanctus
1721 6010 1881 6076 Thomas”
1897 6011 2006 6099 appel-

523 6129 604 6197 latus
627 6137 682 6191 est.
729 6128 773 6202 [v.
790 6143 885 6206 supra
900 6120 1051 6188 Codicem
1071 6125 1137 6198 18.]
