4634 7874
817 1054 1006 1112 ECCOESIAE
1024 1055 1306 1112 uuttuauuttsrs.
1738 1047 1811 1118 wll

33 1185 320 1337 fferuu'blrllOl.
351 1267 404 1330 24.
429 1257 603 1339 Quomodo
611 1257 739 1346 quidam
749 1256 946 1347 Negotiator,
957 1258 1035 1326 dum
1043 1279 1160 1326 nomen
1171 1259 1210 1327 Β.
1221 1257 1390 1326 cuthberti
1400 1259 1585 1346 pen'urarct,
1598 1257 1815 1336 abaciam

73 1327 195 1370 (ΠΜ
426 1373 574 1450 amaena,
590 1384 623 1436 a
636 1371 669 1436 in
687 1369 861 1438 ammam
876 1372 974 1438 oreo
987 1373 1177 1458 suanam,
1194 1372 1370 1440 ernanus
1384 1371 1446 1438 ιω
1460 1373 1589 1442 nomine
1604 1397 1637 1442 a
1652 1395 1716 1441 non
1726 1377 1815 1462 jur..

427 1499 533 1550 turum
544 1484 740 1570 promittens,
753 1484 853 1550 uisum
864 1485 1026 1571 receperit.
1073 1485 1150 1552 Hoc
1160 1485 1347 1552 miraculum
1361 1485 1558 1554 venerarrdus
1569 1487 1617 1552 vir
1633 1486 1814 1554 Radbertus

429 1595 523 1662 Prior
537 1595 577 1660 de
594 1593 716 1674 Nostle,
727 1595 930 1682 postmodum
944 1595 1037 1662 Prior
1053 1597 1162 1662 Sancti
1174 1597 1324 1676 Andreae,
1335 1597 1483 1662 fratribus
1498 1599 1613 1664 nostris
1628 1599 1661 1664 iu
1676 1599 1814 1668 claustro

427 1711 580 1778 Dunelm.
596 1709 712 1776 retulit.
757 1732 789 1798 p.
806 1719 859 1778 60.

349 1858 401 1918 25.
425 1846 597 1928 Quomodo
630 1846 770 1924 Juvenis,
792 1868 853 1932 pro
876 1847 1027 1914 Ecclesiae
1057 1849 1200 1936 negotiis,
1225 1847 1401 1914 Lincoluire
1421 1846 1595 1934 hospitans,
1617 1869 1637 1916 a
1657 1847 1813 1932 profluvio

429 1959 590 2048 sanguinis
615 1958 656 2023 sit
676 1957 837 2036 liberatus,
860 1957 974 2024 virtute
996 1969 1028 2024 et
1047 1959 1187 2044 potentii
1210 1959 1303 2026 unius
1324 1957 1365 2024 de
1389 1957 1427 2026 B.
1452 1958 1630 2026 cuthberto
1651 1959 1811 2026 orationis.

430 2095 462 2159 p.
480 2081 532 2138 62.
1244 2105 1248 2112 ·

349 2219 402 2278 26.
427 2209 479 2276 De
495 2209 535 2276 Β.
547 2208 714 2276 Cuthberti
728 2208 867 2296 glorioso
877 2210 979 2296 capite
995 2219 1026 2275 et
1035 2209 1220 2296 capillorum
1229 2210 1353 2290 virtute,
1364 2221 1396 2275 et
1409 2210 1450 2276 de
1466 2209 1606 2278 Mustela
1621 2232 1692 2296 quaa
1707 2211 1812 2298 sepul·

426 2343 516 2388 crum
530 2320 613 2386 illius
635 2319 716 2388 clam
731 2319 850 2384 introiit
864 2332 897 2386 et
916 2321 950 2384 in
964 2343 1004 2386 eo
1025 2319 1250 2398 nidificaverit3
1274 2333 1306 2386 et
1320 2321 1480 2410 quomodo
1501 2322 1572 2410 pius
1589 2319 1759 2386 Confessor
1772 2323 1811 2387 il·

425 2435 490 2500 lam
519 2431 635 2498 auferri
656 2433 851 2498 mandaverit
872 2455 931 2500 nec
945 2446 1050 2499 mmen
1079 2457 1148 2500 eam
1178 2435 1251 2500 laedi
1273 2436 1460 2524 permiserit.
1506 2435 1639 2500 Factum
1667 2445 1811 2521 tempore

427 2545 542 2611 Elfridi
559 2545 714 2612 Westoue
729 2547 784 2634 qui
799 2546 933 2632 sepulcri
949 2570 1057 2612 curam
1071 2546 1191 2612 habuit.
1238 2547 1315 2614 Hoc
1329 2547 1515 2614 miraculum
1525 2547 1684 2614 Dominus
1700 2546 1809 2614 AElre-

426 2655 486 2723 dus
514 2657 624 2723 Abbas
649 2681 669 2721 a
689 2656 774 2722 dicto
790 2655 922 2723 Elfredo
945 2671 1035 2744 patre
1060 2681 1118 2722 sno
1132 2657 1252 2722 audivit
1275 2671 1418 2746 tempore
1445 2659 1624 2728 AEdmuudi
1648 2658 1809 2746 Episcopi.

429 2767 593 2834 AElfredus
607 2768 691 2834 filius
708 2767 825 2834 Westo
898 2781 1078 2834 sanctorum
1094 2767 1240 2854 reliquias
1256 2769 1296 2834 de
1311 2770 1395 2836 terrai
1410 2771 1550 2840 elevavit.
1595 2803 1626 2866 p.
1642 2791 1695 2848 63.

349 2914 402 2976 27.
426 2906 598 2984 Quomodo
614 2907 775 2996 Levingus
789 2907 925 2972 famulus
941 2907 1066 2986 AElrici,
1084 2907 1261 2972 Heremitae
1275 2908 1308 2971 in
1327 2907 1429 2973 Fame
1451 2909 1552 2978 inauli
1575 2913 1727 3004 degentis,
1744 2919 1809 2984 avi·

430 3021 533 3086 culam
549 3019 707 3108 quandam
723 3019 762 3084 Β.
776 3017 942 3085 Cuthberti
952 3019 1065 3084 lirrtive
1080 3019 1204 3098 occidit,
1222 3034 1253 3084 et
1268 3019 1401 3106 qualiter
1418 3021 1456 3085 B.
1474 3021 1668 3092 Cuthbertus
1688 3029 1809 3094 facinus

431 3131 520 3198 Servi
535 3132 583 3196 sui
597 3132 753 3197 detexerit
766 3133 824 3197 &a
870 3131 944 3196 Fuit
960 3129 1100 3196 AElricus
1116 3131 1272 3196 Bemardi
1289 3131 1436 3198 Sacristae
1451 3133 1602 3204 Dunelm.
1625 3141 1810 3207 avunculus.

430 3244 515 3308 Aves
537 3243 600 3308 illae
623 3241 662 3308 B.
688 3242 855 3308 Cuthberti
877 3243 1052 3328 specialiter
1073 3244 1285 3321 nominantur,
1317 3245 1378 3328 (St.
1404 3245 1586 3312 Cuthbert’s
1608 3250 1745 3336 Ducks),
1769 3253 1811 3318 ab

428 3354 543 3442 Anglis
564 3377 639 3419 vero
660 3357 769 3420 Lomes
791 3367 961 3432 vocantur3
988 3354 1028 3419 ab
1056 3355 1235 3420 Saxonibus
1257 3365 1361 3418 autem
1383 3367 1415 3419 et
1436 3357 1490 3443 qui
1514 3357 1646 3425 Frisium
1669 3361 1812 3430 incolunt

428 3468 522 3531 Eires
535 3465 693 3531 dicuntur.
736 3489 769 3552 p.
785 3475 838 3533 66.

352 3634 405 3694 28.
429 3625 602 3704 Quomodo
629 3625 696 3690 Fur
714 3625 843 3712 quidam
864 3625 905 3690 de
926 3647 1059 3690 numero
1083 3626 1261 3690 Nautarum
1283 3625 1420 3712 lapidem
1446 3631 1622 3695 acutorium
1644 3632 1677 3696 in
1701 3633 1809 3701 Insulir

432 3737 555 3803 Fameai
569 3737 689 3801 furratus
710 3735 814 3816 fuerit,
837 3749 979 3822 tempore
1002 3735 1117 3801 AElrici
1140 3737 1334 3814 Heremitoe3
1358 3751 1389 3802 et
1405 3737 1546 3805 Navibus
1566 3743 1635 3808 aliis
1657 3767 1809 3832 prospere

430 3848 660 3928 recedentibus,
676 3869 788 3912 navem
803 3848 890 3912 illam
905 3849 937 3912 in
952 3871 1015 3935 qua
1031 3849 1097 3913 Fur
1112 3862 1180 3912 erat
1193 3869 1280 3914 mare
1295 3848 1382 3912 abire
1396 3871 1460 3914 non
1475 3854 1661 3937 permiserit
1706 3879 1738 3942 p.
1755 3868 1808 3925 69.

349 3992 402 4056 29.
425 3985 598 4064 Quomodo
615 3985 705 4074 Rege
729 3984 891 4070 Stephano
912 3983 1105 4064 dominante,
1131 3983 1257 4050 AEistan
1286 3983 1375 4074 Rege
1399 3985 1641 4077 Norwagiorum
1669 3991 1810 4058 Insulam

428 4097 532 4162 Fame
547 4095 750 4182 depredantur,
766 4095 871 4159 subito
892 4095 926 4158 in
940 4094 1026 4158 fonte
1042 4093 1081 4159 Β.
1106 4093 1273 4159 Cuthberti
1288 4117 1371 4182 aqua
1391 4095 1548 4178 defecerit,
1565 4099 1621 4166 sed
1645 4101 1811 4168 Proedoni.

427 4209 488 4274 bus
502 4207 720 4274 recedentibus
736 4207 840 4271 statim
855 4207 947 4270 solito
968 4227 1056 4270 more
1071 4205 1236 4270 effluxerit.
1302 4206 1410 4294 Hujus
1424 4208 1567 4274 miraculi
1589 4224 1684 4278 testes
1697 4214 1810 4280 liatrea

420 4319 568 4386 monachi
600 4318 833 4384 Dunelmenses
857 4315 1099 4382 Bartholomeus
1129 4315 1341 4396 &AElvinus,
1373 4319 1428 4406 qui
1449 4331 1525 4386 tunc
1547 4324 1698 4410 temporis
1719 4325 1809 4391 dein-

428 4443 479 4495 tro
493 4429 628 4494 insulam
639 4428 908 4494 conversationem
917 4425 1133 4493 heremiticam
1148 4441 1419 4508 conversaverunt,
1435 4444 1466 4495 et
1480 4431 1541 4497 hiis
1552 4435 1699 4502 omnibus
1713 4437 1811 4504 inter·

426 4541 563 4608 fuerunt.
606 4563 638 4627 p.
656 4547 707 4610 71.

353 4689 404 4746 80.
428 4676 601 4754 Quomodo
617 4675 656 4742 Β.
674 4675 868 4741 Cuthbertus
890 4675 1043 4762 quosdam
1063 4673 1185 4741 Nautes
1201 4676 1390 4766 Anglortun‚
1407 4677 1465 4744 sub
1490 4680 1666 4748 Fresonum
1680 4685 1808 4751 incursu

429 4789 652 4876 periclitanteS,
668 4799 733 4852 tam
747 4786 788 4851 de
803 4786 912 4850 mortis
922 4786 1068 4852 incendio
1082 4807 1176 4874 quam
1192 4787 1233 4852 de
1248 4789 1343 4852 maris
1353 4789 1495 4874 periculo
1504 4793 1664 4878 eripuerit,
1689 4809 1721 4859 et
1738 4797 1808 4861 Gu-

426 4899 604 4966 bernatoris
626 4921 667 4964 ex
688 4899 872 4984 impotentid
894 4898 1099 4984 desperantis,
1123 4899 1268 4965 dextram
1289 4901 1434 4978 tenuerit,
1459 4914 1490 4965 et
1511 4925 1565 4972 eos
1588 4905 1629 4970 ad
1653 4906 1809 4972 Farneam

428 5011 571 5082 Insulam
585 5011 664 5077 mirb
679 5009 738 5076 sub
764 5009 930 5088 celeritate,
943 5009 1136 5095 perduxerit.
1183 5010 1258 5077 Fuit
1283 5011 1496 5091 Gubernator,
1515 5013 1710 5084 Willielmus
1725 5019 1809 5088 fitius

430 5125 568 5214 Malger‚
584 5123 679 5190 frater
695 5122 787 5188 Thur
803 5122 1018 5188 Laudocensis
1041 5123 1277 5202 Archidiaconi,
1293 5135 1325 5193 et
1340 5123 1501 5192 Thuroldi
1522 5125 1581 5192 viri
1596 5127 1715 5197 lusulae
1731 5130 1810 5196 Lin.

425 5237 626 5302 disfarnensis
637 5235 882 5321 prudentissimi,
890 5235 957 5320 ipse
968 5257 1044 5300 vero
1055 5235 1142 5300 urbis
1155 5235 1360 5308 Berrrioenais
1370 5237 1482 5306 incola.
1521 5238 1615 5308 Unus
1628 5239 1807 5310 Nautarum

426 5349 460 5413 in
477 5349 584 5414 Insulri
604 5347 644 5414 de
668 5347 831 5414 Wedume
853 5347 1003 5433 sepultus.
1049 5347 1182 5414 Factum
1203 5363 1345 5436 tempore
1368 5349 1584 5418 Bartholomei
1606 5366 1639 5420 et
1665 5351 1807 5420 AEilwini

428 5459 663 5525 heremitarum.
707 5481 739 5545 p.
756 5466 808 5528 78.

352 5630 403 5690 81.
427 5621 599 5698 Quomodo
614 5621 719 5688 multia
741 5621 852 5688 diebus
867 5623 900 5686 in
921 5621 1023 5690 insulsi
1048 5621 1151 5692 Fatue
1171 5623 1316 5702 detentis,
1341 5625 1475 5692 Sanetus
1498 5626 1692 5694 Cuthbertur
1713 5641 1807 5696 nocte

426 5733 588 5802 visibiliter
602 5734 793 5820 apparuerit,
809 5745 841 5800 et
855 5757 875 5798 a
889 5733 1075 5821 quibusdam
1091 5735 1259 5804 mulierum
1281 5735 1380 5802 videri
1394 5758 1459 5802 non
1474 5739 1621 5824 potuerit,
1644 5751 1677 5806 ct
1698 5743 1808 5806 crasti-

425 5867 504 5912 num
518 5845 562 5910 ais
577 5866 722 5910 serenum
737 5843 911 5910 indulserit.
957 5843 1059 5915 Erant
1079 5845 1133 5923 ibi,
1149 5846 1204 5933 qui
1217 5845 1288 5914 hac
1301 5846 1457 5928 viderunt,
1473 5862 1538 5918 tam
1559 5851 1618 5918 viri
1640 5850 1807 5920 Lundoni.

427 5979 518 6022 enses
533 5979 628 6045 quam
645 5956 867 6035 Berwicenses,
890 5969 923 6020 et
944 5956 1060 6020 Nautae
1081 5957 1251 6042 piscatores
1266 5956 1306 6022 de
1322 5958 1424 6024 insuld
1447 5959 1697 6033 Lindisfarnenti
1719 5964 1806 6030 etde

430 6068 600 6134 Bebburch
617 6067 873 6156 (Bamborough)
888 6067 1086 6134 notissimi&
1101 6068 1209 6134 affines
1223 6071 1282 6136 &a
1326 6091 1358 6156 p.
1376 6076 1427 6139 76.

990 6189 1010 6244 4
1034 6201 1046 6244 r
