4650 7852
813 1139 1003 1196 ECCIAESIAE
1027 1142 1305 1199 amamus.

90 1413 142 1490 B.
162 1415 202 1492 I.
230 1431 290 1510 29.
314 1423 344 1490 ἢ
369 1423 571 1490 Tarorarus
587 1422 748 1492 Monstra
763 1446 803 1492 ru
817 1447 949 1496 sumu
964 1431 1077 1500 Vrrrrs
1092 1452 1321 1502 cernamus.

92 1511 206 1558 '⁰¹³⁰'
374 1536 502 1602 Titulus
516 1535 568 1600 hic
583 1550 630 1602 est
644 1561 663 1602 a
677 1561 772 1604 manu
786 1542 908 1627 primi:
932 1547 1054 1610 Auctor
1067 1567 1132 1610 non
1146 1548 1336 1613 nominatur.

374 1648 529 1714 Diversus
543 1661 591 1714 est
603 1649 656 1714 hic
670 1650 750 1718 liber
764 1651 806 1717 ab
820 1653 882 1718 aliu
895 1655 1035 1742 ejusdem
1050 1657 1237 1743 argumenti,
1254 1657 1309 1743 qui
1324 1654 1461 1726 Thomas
1472 1657 1625 1748 Aquinus·
1631 1657 1799 1742 tribuiturr

418 1768 530 1847 [supra
546 1762 627 1828 cod.
645 1771 712 1848 18.]
727 1786 785 1830 nec
798 1767 880 1831 inter
893 1767 1074 1854 Raymundi
1088 1769 1202 1854 scripta
1217 1781 1406 1836 recensetur.

378 1871 430 1937 Sic
444 1873 570 1958 incipit:
595 1881 617 1913 ‘⁶
629 1873 797 1940 Tractatus
811 1876 869 1941 iste
883 1879 1022 1942 continet
1035 1900 1149 1942 novem
1162 1881 1331 1964 partes'’—

379 1983 431 2050 Sic
445 1983 578 2047 desinit:
603 1984 776 2069 “Explicit
792 1988 922 2053 Summa
936 1989 976 2053 de
991 2001 1111 2074 septem
1126 1989 1236 2053 vitiis.''
1323 2029 1325 2036 ·

379 2101 400 2134 “
416 2093 459 2158 Et
472 2094 565 2158 docet
578 2093 630 2160 hic
644 2095 724 2160 liber
739 2109 774 2160 ut
787 2096 884 2162 homo
899 2099 938 2162 sit
953 2100 1082 2163 crimine
1096 2099 1193 2164 liber:

379 2212 401 2246 “
417 2205 459 2269 Et
473 2218 594 2270 constat
609 2207 729 2270 Vitium
744 2207 815 2271 finis
830 2221 861 2273 et
875 2211 1028 2274 initium.'’

380 2317 521 2402 Scriptus
536 2329 584 2382 est
596 2317 686 2382 lineis
701 2318 888 2396 dimidiatis3
910 2320 1008 2386 literis
1023 2320 1243 2402 mediocribus,
1258 2322 1452 2403 acuminatis,
1468 2325 1679 2415 elegantibus:
1694 2326 1805 2394 eidem

423 2429 546 2494 circiter
559 2440 661 2494 aetate.
707 2431 817 2496 Habet
830 2431 905 2498 folio
919 2442 972 2499 64.

237 2719 296 2788 30.
321 2713 516 2790 Jonaums
534 2713 724 2790 Lacronrs
743 2716 883 2792 Sumne
902 2718 1191 2794 Cournssonun.

367 2861 418 2926 Ita
432 2876 561 2927 vocatur
575 2865 608 2926 in
622 2865 711 2928 initio
726 2865 807 2944 libri,
829 2868 883 2954 qui
898 2869 942 2932 sic
956 2868 1084 2952 incipit:
1110 2868 1226 2932 “Nota
1242 2870 1327 2955 quod
1343 2869 1460 2934 Lector
1474 2871 1532 2936 iste
1547 2871 1718 2952 Johannes,
1734 2888 1806 2942 ante

325 2981 347 3016 ‘⁶
361 2974 601 3058 completionem
614 2975 707 3061 hujus
724 2978 853 3044 Summe
869 2979 1104 3056 confessorum,
1126 2978 1242 3042 fecerat
1256 2980 1414 3044 Tabulam
1429 3003 1524 3066 super
1541 2985 1702 3048 Summam
1721 2987 1805 3073 Ray-

327 3094 348 3127 “
361 3086 470 3150 mundi
492 3099 524 3152 et
539 3089 737 3173 Apparatum
758 3093 843 3177 ejus:
867 3090 1132 3167 Verilicationem,
1156 3113 1290 3180 quoque,
1318 3092 1382 3156 sive
1397 3092 1653 3160 Declarationem
1667 3097 1807 3181 plurium

329 3205 350 3240 “
364 3223 425 3285 que
440 3200 472 3262 in
486 3199 553 3285 ipsi
571 3201 699 3266 Summi:
715 3216 746 3266 et
763 3201 861 3267 Glost
877 3203 974 3286 ipsius
989 3201 1174 3266 habentur.”

369 3311 510 3374 Vocatur
528 3311 622 3375 etiam
638 3311 769 3376 “Liber
785 3313 993 3389 Questionum
1012 3315 1212 3377 Casualium''
1227 3313 1259 3376 in
1274 3336 1329 3377 eo:
1356 3323 1377 3355 ‘⁴
1393 3315 1509 3400 Incipit
1531 3317 1687 3405 Prologus
1702 3317 1806 3383 fratris

329 3429 350 3462 ‘⁶
363 3421 516 3485 Johannis
532 3422 674 3486 Lectoris
688 3423 720 3484 in
735 3424 871 3508 primum
886 3423 1025 3488 libellum
1043 3424 1252 3500 Questionum
1269 3425 1480 3490 Casualium.’'

369 3531 529 3598 Johannes
551 3534 609 3598 iste
625 3534 750 3611 Lector,
774 3557 815 3598 ex
836 3533 946 3598 ordine
963 3535 1220 3613 predicatorum,
1247 3541 1295 3620 (ut
1309 3537 1375 3622 ipse
1389 3538 1433 3602 ait
1454 3538 1487 3600 in
1509 3538 1660 3628 Prologo)
1684 3541 1764 3604 votis
1779 3552 1811 3605 et

326 3643 470 3728 precibus
495 3643 626 3708 fratnun
648 3667 799 3722 annuens,
826 3645 859 3708 in
883 3646 1134 3732 supplementum
1160 3649 1300 3712 Summae
1327 3648 1509 3734 Raymundi
1532 3649 1588 3728 [de
1612 3651 1810 3732 Pennuforti]

327 3754 502 3840 composuit
516 3756 598 3820 hanc
616 3757 778 3821 Summam
795 3756 1029 3836 Confessorum,
1046 3771 1181 3844 quatuor
1194 3759 1355 3844 partibus:
1371 3759 1403 3821 in
1419 3782 1552 3846 quarum

372 3873 425 3930 1¹²⁸
440 3868 556 3954 Agitur
570 3867 611 3930 de
626 3868 818 3945 criminibus,
834 3891 906 3954 quaa
919 3869 1133 3953 principaliter
1148 3883 1180 3933 et
1194 3868 1311 3933 directe
1326 3875 1429 3949 [com]
1444 3871 1610 3933 mittuntur
1624 3872 1657 3933 in
1671 3870 1789 3936 Deum.

371 3977 418 4041 2⁶·
433 3977 486 4042 De
500 3977 550 4042 his
564 4001 626 4064 quc
641 3979 674 4042 in
691 3979 887 4042 Proximum.

373 4086 423 4153 8³·
435 4089 490 4153 De
505 4087 662 4154 Ministris
681 4089 914 4178 irregularibus,
938 4101 970 4154 et
994 4090 1285 4178 irregularitatibus,
1307 4101 1340 4154 et
1360 4089 1591 4176 impedimentis
1614 4091 1811 4158 ordinando·

327 4222 409 4279 rum,
424 4199 718 4286 dispensationibus,
733 4200 981 4287 purgationibus,
1000 4201 1156 4278 Simoniis,
1175 4199 1359 4265 Penitentiis
1374 4211 1406 4264 ct
1422 4199 1682 4267 Remissionibus

371 4317 413 4381 4⁶·
430 4316 483 4380 De
500 4315 715 4380 Matrimonio.
762 4312 922 4380 Coeterum
938 4337 975 4380 ea
991 4314 1069 4380 Pars
1084 4315 1118 4379 in
1132 4313 1194 4379 hoc
1211 4315 1330 4381 Codice
1345 4315 1442 4380 deest

372 4427 494 4492 Eadem
510 4426 684 4492 Methodus
697 4425 750 4492 hic
765 4439 906 4492 servatur
920 4450 991 4513 quae
1006 4427 1039 4490 in
1057 4427 1238 4512 Raymundi
1255 4425 1394 4492 Summi.

373 4538 509 4628 Collegit
529 4539 611 4612 hanc
628 4541 791 4605 Summam
805 4562 846 4604 ex
870 4539 1000 4623 Scriptis
1017 4538 1140 4603 Alberti
1156 4538 1280 4627 Magni,
1304 4537 1429 4602 Thome
1445 4538 1485 4602 de
1501 4539 1652 4625 Alquino,
1672 4537 1760 4604 Petri
1774 4537 1815 4603 de

330 4650 525 4730 Tarentasio‚
550 4657 672 4737 (postea
695 4653 792 4737 Papae
808 4651 982 4736 Innocentij
1000 4649 1057 4732 ⁵⁸¹)
1074 4649 1192 4714 Fratris
1208 4650 1327 4728 Voluti,
1351 4650 1510 4736 quondam
1526 4650 1669 4714 Lectoris
1685 4651 1816 4739 Arguti-

330 4763 443 4840 nensis,
460 4762 555 4842 [forte
571 4764 826 4850 Argentinensis]
843 4762 971 4828 Summi:
988 4761 1145 4838 Gaufridi‚
1166 4773 1198 4824 et
1214 4761 1404 4839 Hostiensisr,
1420 4773 1452 4825 et
1468 4761 1659 4826 Pontificum
1675 4762 1815 4828 Statutis

332 4871 361 4937 E
377 4873 512 4938 Thomre
527 4875 694 4962 Aquinatis
711 4874 855 4940 Secundi
873 4873 1027 4939 Secundus
1040 4873 1178 4959 plurima
1191 4871 1304 4936 hausit

376 4984 457 5061 Quis
477 4985 571 5050 fiterit
591 4985 644 5051 hic
669 4987 819 5064 Joannes,
840 5008 905 5050 non
927 4987 1072 5052 invenio:
1095 5009 1115 5048 a
1131 4984 1382 5050 Bibliothecariis
1403 4985 1487 5048 enim
1503 4983 1729 5048 Ecclesiasticis
1751 5005 1816 5048 non

330 5109 541 5162 memoratur:
573 5099 618 5161 uti
640 5121 699 5162 nec
724 5098 869 5176 Volutus,
896 5097 947 5162 cui
970 5097 1119 5185 Elogium
1142 5120 1207 5162 non
1229 5096 1358 5184 vulgare
1384 5095 1501 5173 tribuit,
1529 5109 1561 5159 et
1582 5097 1670 5181 cujus
1694 5083 1818 5179 scriptis

330 5209 471 5294 adjutum
486 5233 520 5274 se
533 5209 708 5294 profitetur.
753 5209 806 5274 De
822 5209 979 5274 Gaufrido
994 5210 1065 5274 vide
1082 5209 1119 5275 C.
1137 5232 1159 5274 1.
1178 5219 1227 5275 10.
1273 5208 1390 5273 Lector
1404 5229 1479 5271 sane
1496 5229 1565 5270 ¹non
1580 5207 1739 5284 familiam,
1762 5205 1818 5270 sed

330 5321 433 5405 potius
447 5343 562 5386 munus
576 5343 641 5408 quo
654 5319 778 5386 functus
792 5319 904 5398 firerat,
920 5320 1085 5408 designare
1100 5319 1233 5385 videtur.

374 5431 427 5498 De
445 5431 553 5498 AEtste
579 5433 645 5518 ejus
659 5431 738 5496 nibil
754 5432 830 5496 certi
844 5443 948 5518 potest
962 5432 1075 5508 statui3
1098 5432 1158 5494 nisi
1173 5429 1258 5517 qubd
1272 5430 1310 5493 iis
1332 5451 1410 5514 quos
1424 5427 1533 5492 laudat
1546 5427 1750 5512 scriptoribus
1766 5449 1816 5492 re»

331 5544 462 5622 cantior,
478 5556 533 5608 aut
546 5543 631 5610 certi
644 5565 709 5607 non
730 5543 884 5608 vetustior
904 5543 1007 5608 fuerit.
1052 5541 1157 5606 Nemo
1178 5553 1283 5608 autem
1297 5561 1407 5605 eorum
1429 5540 1484 5626 (de
1498 5539 1611 5627 quibus
1626 5539 1745 5628 aliquid
1760 5561 1818 5604 no-

331 5655 445 5738 vimus)
467 5667 539 5741 post
552 5677 671 5720 annum
696 5661 779 5721 1280
793 5654 881 5718 vixit.
926 5653 1075 5719 Occurrit
1088 5663 1192 5718 autem
1214 5653 1248 5716 in
1270 5651 1403 5738 utrique
1419 5651 1608 5716 Praefatione
1630 5651 1717 5738 (duae
1731 5652 1819 5716 enim

332 5771 418 5850 sunt)
433 5769 595 5846 sententia,
623 5789 663 5832 ex
678 5765 739 5854 qui
754 5766 795 5830 de
809 5775 901 5830 aetate
916 5766 981 5852 ejus
997 5766 1177 5851 conjectura
1190 5764 1260 5830 fieri
1282 5775 1396 5850 potest
1442 5763 1481 5827 In
1495 5764 1613 5850 priori:
1637 5773 1659 5806 “
1672 5763 1714 5829 Et
1723 5764 1817 5850 plura

334 5886 355 5920 “
369 5879 410 5944 de
426 5879 555 5946 Summi
571 5878 703 5944 Domni
719 5876 958 5954 Ebrudincnsis,
968 5877 1022 5964 qui
1035 5875 1237 5962 postmodum
1251 5875 1311 5940 fuit
1326 5873 1503 5940 cardinalis
1520 5875 1718 5952 Hostiensis3
1734 5874 1820 5940 unde

334 5997 401 6056 “et
429 6016 449 6056 a
476 5991 665 6079 quibusdam
688 5989 867 6056 nominatur
897 5991 1028 6055 Summa
1052 5989 1185 6054 Domini
1208 5984 1418 6054 Hostiensis.''
1464 5987 1504 6052 In
1525 5988 1700 6073 posteriori,
1729 5987 1819 6051 haec:

334 6102 613 6190 “compilatorem
634 6125 760 6193 quoque
776 6103 904 6170 Summe
919 6102 1057 6189 copiose,
1081 6123 1176 6190 quem
1196 6100 1230 6166 in
1250 6100 1350 6188 priori
1370 6099 1478 6167 libello
1494 6099 1747 6168 Ebrudinensem
1761 6118 1820 6162 no-

1029 6234 1049 6278 z
