<?xml version="1.0" encoding="UTF-8"?>
<!DOCTYPE html PUBLIC "-//W3C//DTD XHTML 1.0 Transitional//EN"
    "http://www.w3.org/TR/xhtml1/DTD/xhtml1-transitional.dtd">
<html xmlns="http://www.w3.org/1999/xhtml" xml:lang="en" lang="en">
 <head>
  <title>
</title>
<meta http-equiv="Content-Type" content="text/html;charset=utf-8" />
  <meta name='ocr-system' content='tesseract 3.04.00' />
  <meta name='ocr-capabilities' content='ocr_page ocr_carea ocr_par ocr_line ocrx_word'/>
</head>
<body>
  <div class='ocr_page' id='page_1' title='image "./codicummanuscri00librgoog/codicummanuscri00librgoog_0031.png"; bbox 0 0 4630 7860; ppageno 0'>
   <div class='ocr_carea' id='block_1_1' title="bbox 762 1037 1788 1182">
    <p class='ocr_par' dir='ltr' id='par_1_1' title="bbox 762 1037 1788 1182">
     <span class='ocr_line' id='line_1_1' title="bbox 762 1037 1788 1182; baseline 0.001 -37"><span class='ocrx_word' id='word_1_1' title='bbox 762 1082 949 1146; x_wconf 76' lang='lat' dir='ltr'><strong>romans:</strong></span> <span class='ocrx_word' id='word_1_2' title='bbox 973 1083 1249 1182; x_wconf 72' lang='lat' dir='ltr'><strong>armaturam.</strong></span> <span class='ocrx_word' id='word_1_3' title='bbox 1686 1069 1737 1165; x_wconf 75' lang='grc'><strong>1-7</strong></span> <span class='ocrx_word' id='word_1_4' title='bbox 1786 1037 1788 1045; x_wconf 58' lang='grc'><strong>’</strong></span> 
     </span>
    </p>
   </div>
   <div class='ocr_carea' id='block_1_2' title="bbox 7 1283 1748 1806">
    <p class='ocr_par' dir='ltr' id='par_1_2' title="bbox 7 1283 1748 1806">
     <span class='ocr_line' id='line_1_2' title="bbox 54 1283 1742 1387; baseline -0.006 -17"><span class='ocrx_word' id='word_1_5' title='bbox 54 1295 95 1373; x_wconf 69' lang='lat' dir='ltr'><strong>b</strong></span> <span class='ocrx_word' id='word_1_6' title='bbox 110 1291 161 1367; x_wconf 92' lang='grc' dir='ltr'><strong>ΙΙ.</strong></span> <span class='ocrx_word' id='word_1_7' title='bbox 191 1299 234 1367; x_wconf 92' lang='grc'><strong>11</strong></span> <span class='ocrx_word' id='word_1_8' title='bbox 266 1289 371 1373; x_wconf 78' lang='lat' dir='ltr'><strong>datm)</strong></span> <span class='ocrx_word' id='word_1_9' title='bbox 391 1283 603 1356; x_wconf 61' lang='lat' dir='ltr'><strong>atalarico.</strong></span> <span class='ocrx_word' id='word_1_10' title='bbox 647 1289 805 1357; x_wconf 68' lang='lat' dir='ltr'><strong>voluntat</strong></span> <span class='ocrx_word' id='word_1_11' title='bbox 823 1301 879 1358; x_wconf 69' lang='grc' dir='ltr'><strong>ν·</strong></span> <span class='ocrx_word' id='word_1_12' title='bbox 894 1303 926 1358; x_wconf 76' lang='lat' dir='ltr'><strong>et</strong></span> <span class='ocrx_word' id='word_1_13' title='bbox 946 1287 1017 1359; x_wconf 63' lang='lat' dir='ltr'><strong>alu·</strong></span> <span class='ocrx_word' id='word_1_14' title='bbox 1030 1290 1175 1359; x_wconf 67' lang='lat' dir='ltr'><strong>admon</strong></span> <span class='ocrx_word' id='word_1_15' title='bbox 1195 1304 1264 1357; x_wconf 73' lang='lat' dir='ltr'><strong>aaa</strong></span> <span class='ocrx_word' id='word_1_16' title='bbox 1277 1302 1404 1387; x_wconf 76' lang='lat' dir='ltr'><strong>amara</strong></span> <span class='ocrx_word' id='word_1_17' title='bbox 1424 1286 1557 1357; x_wconf 71' lang='lat' dir='ltr'><strong>aldem</strong></span> <span class='ocrx_word' id='word_1_18' title='bbox 1578 1291 1662 1381; x_wconf 76' lang='lat' dir='ltr'><strong>aruj</strong></span> <span class='ocrx_word' id='word_1_19' title='bbox 1675 1299 1742 1360; x_wconf 72' lang='lat' dir='ltr'><strong>aaa</strong></span> 
     </span>
     <span class='ocr_line' id='line_1_3' title="bbox 7 1391 1308 1493; baseline 0.005 -32"><span class='ocrx_word' id='word_1_20' title='bbox 7 1410 9 1461; x_wconf 66' lang='lat' dir='ltr'><strong>t</strong></span> <span class='ocrx_word' id='word_1_21' title='bbox 68 1391 148 1434; x_wconf 55' lang='lat'>&#39;⁰¹³²</span> <span class='ocrx_word' id='word_1_22' title='bbox 194 1404 230 1443; x_wconf 62' lang='lat'><strong>⁸⁸²</strong></span> <span class='ocrx_word' id='word_1_23' title='bbox 273 1403 443 1470; x_wconf 81' lang='lat' dir='ltr'><strong>admodum</strong></span> <span class='ocrx_word' id='word_1_24' title='bbox 457 1403 613 1468; x_wconf 84' lang='lat' dir='ltr'><strong>dissimilis</strong></span> <span class='ocrx_word' id='word_1_25' title='bbox 628 1417 675 1468; x_wconf 84' lang='lat' dir='ltr'><strong>est</strong></span> <span class='ocrx_word' id='word_1_26' title='bbox 688 1403 851 1490; x_wconf 85' lang='lat' dir='ltr'><strong>scriptura,</strong></span> <span class='ocrx_word' id='word_1_27' title='bbox 866 1417 898 1470; x_wconf 89' lang='lat' dir='ltr'><strong>et</strong></span> <span class='ocrx_word' id='word_1_28' title='bbox 911 1405 1049 1493; x_wconf 88' lang='lat' dir='ltr'><strong>ejusdem</strong></span> <span class='ocrx_word' id='word_1_29' title='bbox 1063 1405 1186 1471; x_wconf 77' lang='lat' dir='ltr'><strong>videtur</strong></span> <span class='ocrx_word' id='word_1_30' title='bbox 1199 1403 1308 1472; x_wconf 75' lang='lat' dir='ltr'><strong>araas.</strong></span> 
     </span>
     <span class='ocr_line' id='line_1_4' title="bbox 316 1511 1747 1605; baseline -0.001 -22"><span class='ocrx_word' id='word_1_31' title='bbox 316 1519 356 1583; x_wconf 86' lang='lat' dir='ltr'><strong>ln</strong></span> <span class='ocrx_word' id='word_1_32' title='bbox 371 1519 460 1582; x_wconf 79' lang='lat' dir='ltr'><strong>brido</strong></span> <span class='ocrx_word' id='word_1_33' title='bbox 473 1517 637 1582; x_wconf 73' lang='lat' dir='ltr'><strong>volutabris</strong></span> <span class='ocrx_word' id='word_1_34' title='bbox 652 1517 697 1582; x_wconf 67' lang='lat'><strong>2⁶¹</strong></span> <span class='ocrx_word' id='word_1_35' title='bbox 710 1517 780 1582; x_wconf 73' lang='lat' dir='ltr'><strong>hee</strong></span> <span class='ocrx_word' id='word_1_36' title='bbox 792 1526 868 1580; x_wconf 85' lang='lat' dir='ltr'><strong>nota</strong></span> <span class='ocrx_word' id='word_1_37' title='bbox 881 1516 1013 1605; x_wconf 85' lang='lat' dir='ltr'><strong>legitur:</strong></span> <span class='ocrx_word' id='word_1_38' title='bbox 1038 1525 1059 1560; x_wconf 78' lang='lat'><strong>⁴⁶</strong></span> <span class='ocrx_word' id='word_1_39' title='bbox 1071 1511 1136 1584; x_wconf 82' lang='lat' dir='ltr'><strong>Ista</strong></span> <span class='ocrx_word' id='word_1_40' title='bbox 1148 1517 1228 1583; x_wconf 88' lang='lat' dir='ltr'><strong>liber</strong></span> <span class='ocrx_word' id='word_1_41' title='bbox 1248 1525 1370 1581; x_wconf 85' lang='lat' dir='ltr'><strong>constat</strong></span> <span class='ocrx_word' id='word_1_42' title='bbox 1392 1513 1495 1580; x_wconf 84' lang='lat' dir='ltr'><strong>Priori</strong></span> <span class='ocrx_word' id='word_1_43' title='bbox 1515 1524 1547 1581; x_wconf 90' lang='lat' dir='ltr'><strong>et</strong></span> <span class='ocrx_word' id='word_1_44' title='bbox 1570 1515 1747 1582; x_wconf 82' lang='lat' dir='ltr'><strong>conventui</strong></span> 
     </span>
     <span class='ocr_line' id='line_1_5' title="bbox 275 1621 1748 1716; baseline 0.001 -21"><span class='ocrx_word' id='word_1_45' title='bbox 275 1638 298 1674; x_wconf 77' lang='lat'><strong>⁴⁴</strong></span> <span class='ocrx_word' id='word_1_46' title='bbox 313 1627 454 1695; x_wconf 82' lang='lat' dir='ltr'><strong>Dunaliii</strong></span> <span class='ocrx_word' id='word_1_47' title='bbox 470 1629 579 1695; x_wconf 82' lang='lat' dir='ltr'><strong>Ecclia</strong></span> <span class='ocrx_word' id='word_1_48' title='bbox 601 1640 632 1694; x_wconf 79' lang='lat' dir='ltr'><strong>a:</strong></span> <span class='ocrx_word' id='word_1_49' title='bbox 653 1621 767 1697; x_wconf 76' lang='lat' dir='ltr'><strong>liberal</strong></span> <span class='ocrx_word' id='word_1_50' title='bbox 780 1628 858 1694; x_wconf 82' lang='lat' dir='ltr'><strong>Dlio</strong></span> <span class='ocrx_word' id='word_1_51' title='bbox 881 1628 987 1694; x_wconf 71' lang='lat' dir='ltr'><strong>nota</strong></span> <span class='ocrx_word' id='word_1_52' title='bbox 1000 1628 1042 1694; x_wconf 90' lang='lat' dir='ltr'><strong>de</strong></span> <span class='ocrx_word' id='word_1_53' title='bbox 1056 1627 1202 1695; x_wconf 82' lang='lat' dir='ltr'><strong>Hilton.&#39;&#39;</strong></span> <span class='ocrx_word' id='word_1_54' title='bbox 1245 1627 1310 1696; x_wconf 81' lang='lat' dir='ltr'><strong>Sed</strong></span> <span class='ocrx_word' id='word_1_55' title='bbox 1324 1626 1451 1716; x_wconf 83' lang='lat' dir='ltr'><strong>quando</strong></span> <span class='ocrx_word' id='word_1_56' title='bbox 1463 1627 1576 1695; x_wconf 75' lang='lat' dir='ltr'><strong>vixerit</strong></span> <span class='ocrx_word' id='word_1_57' title='bbox 1588 1627 1748 1696; x_wconf 83' lang='lat' dir='ltr'><strong>Robertus</strong></span> 
     </span>
     <span class='ocr_line' id='line_1_6' title="bbox 274 1741 461 1806; baseline 0 0"><span class='ocrx_word' id='word_1_58' title='bbox 274 1741 333 1806; x_wconf 81' lang='lat' dir='ltr'><strong>iste</strong></span> <span class='ocrx_word' id='word_1_59' title='bbox 346 1741 461 1806; x_wconf 77' lang='lat' dir='ltr'><strong>nescia.</strong></span> 
     </span>
    </p>
   </div>
   <div class='ocr_carea' id='block_1_3' title="bbox 196 2023 1088 2122">
    <p class='ocr_par' dir='ltr' id='par_1_3' title="bbox 196 2023 1088 2122">
     <span class='ocr_line' id='line_1_7' title="bbox 196 2023 1088 2122; baseline -0.009 -19"><span class='ocrx_word' id='word_1_60' title='bbox 196 2032 254 2104; x_wconf 80' lang='lat'><strong>14.</strong></span> <span class='ocrx_word' id='word_1_61' title='bbox 281 2025 483 2101; x_wconf 80' lang='lat' dir='ltr'><strong>Pnoenarn</strong></span> <span class='ocrx_word' id='word_1_62' title='bbox 501 2048 679 2106; x_wconf 77' lang='lat' dir='ltr'><strong>auaruon</strong></span> <span class='ocrx_word' id='word_1_63' title='bbox 695 2046 818 2098; x_wconf 74' lang='lat' dir='ltr'><strong>uram</strong></span> <span class='ocrx_word' id='word_1_64' title='bbox 836 2046 909 2098; x_wconf 78' lang='lat' dir='ltr'><strong>auo</strong></span> <span class='ocrx_word' id='word_1_65' title='bbox 928 2023 1088 2122; x_wconf 74' lang='lat' dir='ltr'><strong>[saara]</strong></span> 
     </span>
    </p>
   </div>
   <div class='ocr_carea' id='block_1_4' title="bbox 280 2170 1855 3158">
    <p class='ocr_par' dir='ltr' id='par_1_4' title="bbox 322 2170 1107 2242">
     <span class='ocr_line' id='line_1_8' title="bbox 322 2170 1107 2242; baseline -0.008 0"><span class='ocrx_word' id='word_1_66' title='bbox 322 2173 448 2242; x_wconf 85' lang='lat' dir='ltr'>Titulus</span> <span class='ocrx_word' id='word_1_67' title='bbox 461 2173 513 2240; x_wconf 90' lang='lat' dir='ltr'><strong>hic</strong></span> <span class='ocrx_word' id='word_1_68' title='bbox 527 2175 560 2237; x_wconf 90' lang='lat' dir='ltr'><strong>in</strong></span> <span class='ocrx_word' id='word_1_69' title='bbox 573 2173 675 2239; x_wconf 82' lang='lat' dir='ltr'><strong>fronte</strong></span> <span class='ocrx_word' id='word_1_70' title='bbox 688 2173 761 2238; x_wconf 88' lang='lat' dir='ltr'>libri</span> <span class='ocrx_word' id='word_1_71' title='bbox 775 2185 823 2238; x_wconf 83' lang='lat' dir='ltr'><strong>est</strong></span> <span class='ocrx_word' id='word_1_72' title='bbox 835 2195 855 2237; x_wconf 90' lang='lat' dir='ltr'><strong>a</strong></span> <span class='ocrx_word' id='word_1_73' title='bbox 867 2193 963 2236; x_wconf 88' lang='lat' dir='ltr'><strong>manu</strong></span> <span class='ocrx_word' id='word_1_74' title='bbox 977 2170 1107 2238; x_wconf 79' lang='lat' dir='ltr'><strong>vetusti.</strong></span> 
     </span>
    </p>

    <p class='ocr_par' dir='ltr' id='par_1_5' title="bbox 280 2281 1753 2574">
     <span class='ocr_line' id='line_1_9' title="bbox 323 2281 1752 2366; baseline -0.001 -13"><span class='ocrx_word' id='word_1_75' title='bbox 323 2287 433 2353; x_wconf 83' lang='lat' dir='ltr'><strong>Habet</strong></span> <span class='ocrx_word' id='word_1_76' title='bbox 453 2285 505 2366; x_wconf 82' lang='lat' dir='ltr'><strong>hic</strong></span> <span class='ocrx_word' id='word_1_77' title='bbox 527 2285 627 2352; x_wconf 80' lang='lat' dir='ltr'><strong>codex</strong></span> <span class='ocrx_word' id='word_1_78' title='bbox 649 2283 774 2364; x_wconf 87' lang='lat' dir='ltr'><strong>isaiam,</strong></span> <span class='ocrx_word' id='word_1_79' title='bbox 798 2281 967 2350; x_wconf 89' lang='lat' dir='ltr'><strong>Jeremiam</strong></span> <span class='ocrx_word' id='word_1_80' title='bbox 990 2303 1062 2347; x_wconf 90' lang='lat' dir='ltr'><strong>cum</strong></span> <span class='ocrx_word' id='word_1_81' title='bbox 1084 2281 1232 2362; x_wconf 87' lang='lat' dir='ltr'><strong>Threnis,</strong></span> <span class='ocrx_word' id='word_1_82' title='bbox 1260 2282 1465 2363; x_wconf 79' lang='lat' dir='ltr'>Ezechielem,</span> <span class='ocrx_word' id='word_1_83' title='bbox 1492 2281 1659 2352; x_wconf 78' lang='lat' dir='ltr'>Danielem</span> <span class='ocrx_word' id='word_1_84' title='bbox 1680 2305 1752 2352; x_wconf 86' lang='lat' dir='ltr'><strong>omn</strong></span> 
     </span>
     <span class='ocr_line' id='line_1_10' title="bbox 281 2393 1753 2484; baseline 0.001 -21"><span class='ocrx_word' id='word_1_85' title='bbox 281 2397 395 2463; x_wconf 78' lang='lat' dir='ltr'><strong>Glosst</strong></span> <span class='ocrx_word' id='word_1_86' title='bbox 410 2395 570 2462; x_wconf 71' lang='lat' dir='ltr'><strong>ordinarii</strong></span> <span class='ocrx_word' id='word_1_87' title='bbox 581 2407 613 2460; x_wconf 91' lang='lat' dir='ltr'><strong>et</strong></span> <span class='ocrx_word' id='word_1_88' title='bbox 625 2395 825 2462; x_wconf 81' lang='lat' dir='ltr'><strong>interlineari.</strong></span> <span class='ocrx_word' id='word_1_89' title='bbox 869 2393 1101 2459; x_wconf 86' lang='lat' dir='ltr'><strong>Adscribuntur</strong></span> <span class='ocrx_word' id='word_1_90' title='bbox 1114 2393 1207 2459; x_wconf 88' lang='lat' dir='ltr'><strong>etiam</strong></span> <span class='ocrx_word' id='word_1_91' title='bbox 1223 2395 1256 2458; x_wconf 89' lang='lat' dir='ltr'><strong>in</strong></span> <span class='ocrx_word' id='word_1_92' title='bbox 1274 2396 1415 2484; x_wconf 83' lang='lat' dir='ltr'><strong>margine</strong></span> <span class='ocrx_word' id='word_1_93' title='bbox 1436 2395 1559 2463; x_wconf 85' lang='lat' dir='ltr'><strong>Gloasae</strong></span> <span class='ocrx_word' id='word_1_94' title='bbox 1574 2397 1643 2464; x_wconf 83' lang='lat' dir='ltr'><strong>alioe</strong></span> <span class='ocrx_word' id='word_1_95' title='bbox 1656 2399 1753 2464; x_wconf 82' lang='lat' dir='ltr'><strong>literis</strong></span> 
     </span>
     <span class='ocr_line' id='line_1_11' title="bbox 280 2508 509 2574; baseline 0 -2"><span class='ocrx_word' id='word_1_96' title='bbox 280 2508 509 2574; x_wconf 82' lang='lat' dir='ltr'><strong>minutioribus.</strong></span> 
     </span>
    </p>

    <p class='ocr_par' dir='ltr' id='par_1_6' title="bbox 281 2612 1855 3018">
     <span class='ocr_line' id='line_1_12' title="bbox 325 2612 1855 2703; baseline 0 -19"><span class='ocrx_word' id='word_1_97' title='bbox 325 2619 463 2684; x_wconf 76' lang='lat' dir='ltr'><strong>Pulchre</strong></span> <span class='ocrx_word' id='word_1_98' title='bbox 477 2617 610 2703; x_wconf 83' lang='lat' dir='ltr'><strong>scriptus</strong></span> <span class='ocrx_word' id='word_1_99' title='bbox 624 2628 681 2695; x_wconf 76' lang='lat' dir='ltr'><strong>ast,</strong></span> <span class='ocrx_word' id='word_1_100' title='bbox 704 2615 801 2682; x_wconf 87' lang='lat' dir='ltr'><strong>literis</strong></span> <span class='ocrx_word' id='word_1_101' title='bbox 821 2615 985 2701; x_wconf 77' lang='lat' dir='ltr'><strong>pardulum</strong></span> <span class='ocrx_word' id='word_1_102' title='bbox 999 2615 1197 2692; x_wconf 78' lang='lat' dir='ltr'><strong>acuminatis:</strong></span> <span class='ocrx_word' id='word_1_103' title='bbox 1221 2617 1275 2680; x_wconf 89' lang='lat' dir='ltr'><strong>sed</strong></span> <span class='ocrx_word' id='word_1_104' title='bbox 1290 2618 1330 2681; x_wconf 86' lang='lat' dir='ltr'><strong>ab</strong></span> <span class='ocrx_word' id='word_1_105' title='bbox 1352 2615 1482 2682; x_wconf 89' lang='lat' dir='ltr'><strong>humore</strong></span> <span class='ocrx_word' id='word_1_106' title='bbox 1503 2619 1672 2685; x_wconf 82' lang='lat' dir='ltr'><strong>admodum</strong></span> <span class='ocrx_word' id='word_1_107' title='bbox 1687 2641 1756 2686; x_wconf 83' lang='lat' dir='ltr'><strong>cor-</strong></span> <span class='ocrx_word' id='word_1_108' title='bbox 1853 2612 1855 2620; x_wconf 63' lang='lat'>&#39;</span> 
     </span>
     <span class='ocr_line' id='line_1_13' title="bbox 281 2721 1757 2820; baseline 0.001 -26"><span class='ocrx_word' id='word_1_109' title='bbox 281 2741 395 2814; x_wconf 89' lang='lat' dir='ltr'><strong>ruptus</strong></span> <span class='ocrx_word' id='word_1_110' title='bbox 409 2741 464 2794; x_wconf 80' lang='lat' dir='ltr'><strong>est</strong></span> <span class='ocrx_word' id='word_1_111' title='bbox 510 2729 620 2793; x_wconf 82' lang='lat' dir='ltr'><strong>Habet</strong></span> <span class='ocrx_word' id='word_1_112' title='bbox 632 2727 815 2792; x_wconf 81' lang='lat' dir='ltr'>hodiernam</span> <span class='ocrx_word' id='word_1_113' title='bbox 832 2727 979 2812; x_wconf 91' lang='lat' dir='ltr'><strong>Capitum</strong></span> <span class='ocrx_word' id='word_1_114' title='bbox 1000 2721 1248 2804; x_wconf 78' lang='lat' dir='ltr'><strong>distinctionem:</strong></span> <span class='ocrx_word' id='word_1_115' title='bbox 1271 2730 1373 2814; x_wconf 89' lang='lat' dir='ltr'><strong>itaque</strong></span> <span class='ocrx_word' id='word_1_116' title='bbox 1388 2731 1541 2796; x_wconf 79' lang='lat' dir='ltr'><strong>recentior</strong></span> <span class='ocrx_word' id='word_1_117' title='bbox 1555 2745 1601 2796; x_wconf 85' lang='lat' dir='ltr'><strong>cst</strong></span> <span class='ocrx_word' id='word_1_118' title='bbox 1617 2732 1757 2820; x_wconf 88' lang='lat' dir='ltr'><strong>Hugone</strong></span> 
     </span>
     <span class='ocr_line' id='line_1_14' title="bbox 284 2833 1758 2928; baseline 0.001 -22"><span class='ocrx_word' id='word_1_119' title='bbox 284 2839 464 2917; x_wconf 81' lang='lat' dir='ltr'><strong>Cardinale,</strong></span> <span class='ocrx_word' id='word_1_120' title='bbox 479 2841 567 2903; x_wconf 88' lang='lat' dir='ltr'><strong>istius</strong></span> <span class='ocrx_word' id='word_1_121' title='bbox 581 2839 741 2904; x_wconf 83' lang='lat' dir='ltr'><strong>divisionis</strong></span> <span class='ocrx_word' id='word_1_122' title='bbox 755 2849 892 2916; x_wconf 85' lang='lat' dir='ltr'><strong>auctare,</strong></span> <span class='ocrx_word' id='word_1_123' title='bbox 915 2833 969 2923; x_wconf 92' lang='lat' dir='ltr'><strong>qui</strong></span> <span class='ocrx_word' id='word_1_124' title='bbox 987 2837 1065 2901; x_wconf 88' lang='lat' dir='ltr'><strong>obiit</strong></span> <span class='ocrx_word' id='word_1_125' title='bbox 1086 2859 1170 2900; x_wconf 91' lang='lat' dir='ltr'><strong>anno</strong></span> <span class='ocrx_word' id='word_1_126' title='bbox 1187 2846 1289 2904; x_wconf 68' lang='lat'><strong>1260:</strong></span> <span class='ocrx_word' id='word_1_127' title='bbox 1312 2839 1367 2904; x_wconf 87' lang='lat' dir='ltr'><strong>sed</strong></span> <span class='ocrx_word' id='word_1_128' title='bbox 1387 2839 1426 2904; x_wconf 90' lang='lat' dir='ltr'><strong>ad</strong></span> <span class='ocrx_word' id='word_1_129' title='bbox 1442 2843 1507 2928; x_wconf 87' lang='lat' dir='ltr'><strong>ejus</strong></span> <span class='ocrx_word' id='word_1_130' title='bbox 1521 2851 1644 2907; x_wconf 83' lang='lat' dir='ltr'><strong>oetatem</strong></span> <span class='ocrx_word' id='word_1_131' title='bbox 1657 2863 1758 2928; x_wconf 83' lang='lat' dir='ltr'><strong>prope</strong></span> 
     </span>
     <span class='ocr_line' id='line_1_15' title="bbox 283 2951 576 3018; baseline -0.007 0"><span class='ocrx_word' id='word_1_132' title='bbox 283 2951 431 3018; x_wconf 86' lang='lat' dir='ltr'><strong>accedere</strong></span> <span class='ocrx_word' id='word_1_133' title='bbox 444 2951 576 3016; x_wconf 84' lang='lat' dir='ltr'><strong>videtur.</strong></span> 
     </span>
    </p>

    <p class='ocr_par' dir='ltr' id='par_1_7' title="bbox 328 3057 1243 3158">
     <span class='ocr_line' id='line_1_16' title="bbox 328 3057 1243 3158; baseline -0.008 -30"><span class='ocrx_word' id='word_1_134' title='bbox 328 3064 369 3128; x_wconf 89' lang='lat' dir='ltr'><strong>In</strong></span> <span class='ocrx_word' id='word_1_135' title='bbox 381 3061 483 3129; x_wconf 78' lang='lat' dir='ltr'><strong>frona</strong></span> <span class='ocrx_word' id='word_1_136' title='bbox 496 3061 588 3128; x_wconf 87' lang='lat' dir='ltr'><strong>libri:</strong></span> <span class='ocrx_word' id='word_1_137' title='bbox 613 3061 685 3126; x_wconf 82' lang='lat' dir='ltr'><strong>“de</strong></span> <span class='ocrx_word' id='word_1_138' title='bbox 698 3060 747 3126; x_wconf 80' lang='lat' dir='ltr'><strong>coi</strong></span> <span class='ocrx_word' id='word_1_139' title='bbox 760 3059 887 3124; x_wconf 89' lang='lat' dir='ltr'><strong>libraria</strong></span> <span class='ocrx_word' id='word_1_140' title='bbox 903 3057 1057 3158; x_wconf 69' lang='lat' dir='ltr'><strong>Mo“cb0p</strong></span> <span class='ocrx_word' id='word_1_141' title='bbox 1072 3059 1243 3124; x_wconf 75' lang='lat' dir='ltr'><strong>Dunelffi.”</strong></span> 
     </span>
    </p>
   </div>
   <div class='ocr_carea' id='block_1_5' title="bbox 205 3367 983 3468">
    <p class='ocr_par' dir='ltr' id='par_1_8' title="bbox 205 3367 983 3468">
     <span class='ocr_line' id='line_1_17' title="bbox 205 3367 983 3468; baseline -0.014 -18"><span class='ocrx_word' id='word_1_142' title='bbox 205 3381 260 3450; x_wconf 86' lang='lat'><strong>15.</strong></span> <span class='ocrx_word' id='word_1_143' title='bbox 287 3371 510 3447; x_wconf 79' lang='lat' dir='ltr'><strong>Evmaanm</strong></span> <span class='ocrx_word' id='word_1_144' title='bbox 527 3391 706 3452; x_wconf 76' lang='lat' dir='ltr'><strong>auarnon</strong></span> <span class='ocrx_word' id='word_1_145' title='bbox 723 3391 796 3442; x_wconf 78' lang='lat' dir='ltr'><strong>aso</strong></span> <span class='ocrx_word' id='word_1_146' title='bbox 814 3367 983 3468; x_wconf 73' lang='lat' dir='ltr'><strong>[asara]</strong></span> 
     </span>
    </p>
   </div>
   <div class='ocr_carea' id='block_1_6' title="bbox 184 3511 1820 5154">
    <p class='ocr_par' dir='ltr' id='par_1_9' title="bbox 184 3511 1820 5154">
     <span class='ocr_line' id='line_1_18' title="bbox 331 3511 1769 3602; baseline 0 -19"><span class='ocrx_word' id='word_1_147' title='bbox 331 3517 441 3583; x_wconf 81' lang='lat' dir='ltr'><strong>Habet</strong></span> <span class='ocrx_word' id='word_1_148' title='bbox 453 3515 506 3581; x_wconf 90' lang='lat' dir='ltr'><strong>hic</strong></span> <span class='ocrx_word' id='word_1_149' title='bbox 522 3515 634 3580; x_wconf 83' lang='lat' dir='ltr'><strong>Codex</strong></span> <span class='ocrx_word' id='word_1_150' title='bbox 649 3514 795 3581; x_wconf 84' lang='lat' dir='ltr'><strong>Glossam</strong></span> <span class='ocrx_word' id='word_1_151' title='bbox 810 3514 1000 3579; x_wconf 84' lang='lat' dir='ltr'><strong>ordirmriam</strong></span> <span class='ocrx_word' id='word_1_152' title='bbox 1014 3525 1046 3578; x_wconf 92' lang='lat' dir='ltr'><strong>et</strong></span> <span class='ocrx_word' id='word_1_153' title='bbox 1059 3511 1298 3592; x_wconf 82' lang='lat' dir='ltr'><strong>interlinearem,</strong></span> <span class='ocrx_word' id='word_1_154' title='bbox 1315 3525 1346 3579; x_wconf 90' lang='lat' dir='ltr'><strong>et</strong></span> <span class='ocrx_word' id='word_1_155' title='bbox 1359 3513 1484 3580; x_wconf 79' lang='lat' dir='ltr'><strong>Scholia</strong></span> <span class='ocrx_word' id='word_1_156' title='bbox 1499 3513 1642 3602; x_wconf 81' lang='lat' dir='ltr'><strong>quaedam</strong></span> <span class='ocrx_word' id='word_1_157' title='bbox 1656 3517 1769 3591; x_wconf 83' lang='lat' dir='ltr'><strong>brevia</strong></span> 
     </span>
     <span class='ocr_line' id='line_1_19' title="bbox 184 3627 1507 3717; baseline -0.002 -23"><span class='ocrx_word' id='word_1_158' title='bbox 184 3634 188 3640; x_wconf 83' lang='lat'>&#39;</span> <span class='ocrx_word' id='word_1_159' title='bbox 288 3631 321 3694; x_wconf 91' lang='lat' dir='ltr'><strong>in</strong></span> <span class='ocrx_word' id='word_1_160' title='bbox 335 3629 476 3717; x_wconf 80' lang='lat' dir='ltr'><strong>margine</strong></span> <span class='ocrx_word' id='word_1_161' title='bbox 491 3627 645 3714; x_wconf 87' lang='lat' dir='ltr'><strong>apposita.</strong></span> <span class='ocrx_word' id='word_1_162' title='bbox 1501 3697 1507 3707; x_wconf 35' lang='lat'><strong><em>¹</em></strong></span> 
     </span>
     <span class='ocr_line' id='line_1_20' title="bbox 332 3735 1820 3828; baseline 0 -22"><span class='ocrx_word' id='word_1_163' title='bbox 332 3740 545 3828; x_wconf 79' lang='lat' dir='ltr'><strong>Praeliguntur</strong></span> <span class='ocrx_word' id='word_1_164' title='bbox 565 3740 599 3802; x_wconf 88' lang='lat' dir='ltr'><strong>in</strong></span> <span class='ocrx_word' id='word_1_165' title='bbox 622 3737 711 3802; x_wconf 88' lang='lat' dir='ltr'><strong>initio</strong></span> <span class='ocrx_word' id='word_1_166' title='bbox 733 3735 806 3801; x_wconf 89' lang='lat' dir='ltr'><strong>libri</strong></span> <span class='ocrx_word' id='word_1_167' title='bbox 833 3735 944 3800; x_wconf 83' lang='lat' dir='ltr'><strong>Oratio</strong></span> <span class='ocrx_word' id='word_1_168' title='bbox 966 3735 1144 3815; x_wconf 88' lang='lat' dir='ltr'><strong>Dominica,</strong></span> <span class='ocrx_word' id='word_1_169' title='bbox 1171 3749 1203 3801; x_wconf 90' lang='lat' dir='ltr'><strong>et</strong></span> <span class='ocrx_word' id='word_1_170' title='bbox 1232 3737 1416 3824; x_wconf 87' lang='lat' dir='ltr'><strong>Symbolum</strong></span> <span class='ocrx_word' id='word_1_171' title='bbox 1440 3739 1667 3825; x_wconf 87' lang='lat' dir='ltr'><strong>Apostolicum,</strong></span> <span class='ocrx_word' id='word_1_172' title='bbox 1691 3761 1777 3828; x_wconf 78' lang='lat' dir='ltr'><strong>curn¹</strong></span> <span class='ocrx_word' id='word_1_173' title='bbox 1799 3775 1820 3826; x_wconf 58' lang='lat' dir='ltr'><strong>g</strong></span> 
     </span>
     <span class='ocr_line' id='line_1_21' title="bbox 289 3851 401 3941; baseline -0.036 -22"><span class='ocrx_word' id='word_1_174' title='bbox 289 3851 401 3941; x_wconf 75' lang='lat' dir='ltr'><strong>glossi.</strong></span> 
     </span>
     <span class='ocr_line' id='line_1_22' title="bbox 333 3952 1765 4041; baseline -0.001 -13"><span class='ocrx_word' id='word_1_175' title='bbox 333 3957 445 4028; x_wconf 83' lang='lat' dir='ltr'><strong>Oratio</strong></span> <span class='ocrx_word' id='word_1_176' title='bbox 460 3957 630 4025; x_wconf 86' lang='lat' dir='ltr'><strong>Dominica</strong></span> <span class='ocrx_word' id='word_1_177' title='bbox 644 3954 688 4022; x_wconf 89' lang='lat' dir='ltr'><strong>sic</strong></span> <span class='ocrx_word' id='word_1_178' title='bbox 702 3952 831 4041; x_wconf 83' lang='lat' dir='ltr'><strong>incipit:</strong></span> <span class='ocrx_word' id='word_1_179' title='bbox 855 3955 982 4020; x_wconf 79' lang='lat' dir='ltr'><strong>“Pater</strong></span> <span class='ocrx_word' id='word_1_180' title='bbox 1003 3956 1055 4020; x_wconf 87' lang='lat' dir='ltr'><strong>cui</strong></span> <span class='ocrx_word' id='word_1_181' title='bbox 1068 3978 1126 4020; x_wconf 89' lang='lat' dir='ltr'><strong>nos</strong></span> <span class='ocrx_word' id='word_1_182' title='bbox 1142 3977 1280 4020; x_wconf 89' lang='lat' dir='ltr'><strong>amorem</strong></span> <span class='ocrx_word' id='word_1_183' title='bbox 1295 3953 1445 4024; x_wconf 90' lang='lat' dir='ltr'><strong>debemus</strong></span> <span class='ocrx_word' id='word_1_184' title='bbox 1467 3971 1499 4024; x_wconf 89' lang='lat' dir='ltr'><strong>et</strong></span> <span class='ocrx_word' id='word_1_185' title='bbox 1517 3959 1680 4026; x_wconf 89' lang='lat' dir='ltr'><strong>honorem.</strong></span> <span class='ocrx_word' id='word_1_186' title='bbox 1724 3962 1765 4027; x_wconf 92' lang='lat' dir='ltr'><strong>In</strong></span> 
     </span>
     <span class='ocr_line' id='line_1_23' title="bbox 219 4051 1767 4163; baseline 0.001 -27"><span class='ocrx_word' id='word_1_187' title='bbox 219 4155 223 4163; x_wconf 29' lang='grc'><strong><em>1</em></strong></span> <span class='ocrx_word' id='word_1_188' title='bbox 289 4079 312 4115; x_wconf 86' lang='grc'><strong>“</strong></span> <span class='ocrx_word' id='word_1_189' title='bbox 328 4071 468 4136; x_wconf 85' lang='lat' dir='ltr'><strong>Malach.</strong></span> <span class='ocrx_word' id='word_1_190' title='bbox 483 4080 511 4133; x_wconf 93' lang='lat' dir='ltr'><strong>l.</strong></span> <span class='ocrx_word' id='word_1_191' title='bbox 525 4069 559 4134; x_wconf 91' lang='lat' dir='ltr'><strong>Si</strong></span> <span class='ocrx_word' id='word_1_192' title='bbox 570 4091 630 4156; x_wconf 87' lang='lat' dir='ltr'><strong>ego</strong></span> <span class='ocrx_word' id='word_1_193' title='bbox 640 4065 734 4132; x_wconf 87' lang='lat' dir='ltr'><strong>Pater</strong></span> <span class='ocrx_word' id='word_1_194' title='bbox 745 4066 799 4130; x_wconf 92' lang='lat' dir='ltr'><strong>ubi</strong></span> <span class='ocrx_word' id='word_1_195' title='bbox 810 4087 898 4130; x_wconf 89' lang='lat' dir='ltr'><strong>amor</strong></span> <span class='ocrx_word' id='word_1_196' title='bbox 909 4087 996 4129; x_wconf 89' lang='lat' dir='ltr'><strong>meus</strong></span> <span class='ocrx_word' id='word_1_197' title='bbox 1006 4065 1022 4130; x_wconf 82' lang='lat' dir='ltr'><strong>l</strong></span> <span class='ocrx_word' id='word_1_198' title='bbox 1036 4068 1120 4144; x_wconf 86' lang='lat' dir='ltr'><strong>item,</strong></span> <span class='ocrx_word' id='word_1_199' title='bbox 1132 4067 1356 4152; x_wconf 87' lang='lat' dir='ltr'><strong>Pater-cujus</strong></span> <span class='ocrx_word' id='word_1_200' title='bbox 1365 4081 1412 4132; x_wconf 88' lang='lat' dir='ltr'><strong>est</strong></span> <span class='ocrx_word' id='word_1_201' title='bbox 1420 4070 1559 4135; x_wconf 89' lang='lat' dir='ltr'><strong>misereri</strong></span> <span class='ocrx_word' id='word_1_202' title='bbox 1569 4051 1767 4138; x_wconf 59' lang='lat' dir='ltr'><strong>liliorum&#39;&#39;·²-</strong></span> 
     </span>
     <span class='ocr_line' id='line_1_24' title="bbox 336 4177 1767 4276; baseline 0.002 -27"><span class='ocrx_word' id='word_1_203' title='bbox 336 4181 521 4270; x_wconf 86' lang='lat' dir='ltr'><strong>Symbolum</strong></span> <span class='ocrx_word' id='word_1_204' title='bbox 535 4182 579 4244; x_wconf 89' lang='lat' dir='ltr'><strong>sic</strong></span> <span class='ocrx_word' id='word_1_205' title='bbox 594 4179 721 4264; x_wconf 90' lang='lat' dir='ltr'><strong>incipit:</strong></span> <span class='ocrx_word' id='word_1_206' title='bbox 746 4177 826 4242; x_wconf 85' lang='lat' dir='ltr'><strong>“Ut</strong></span> <span class='ocrx_word' id='word_1_207' title='bbox 839 4177 972 4242; x_wconf 90' lang='lat' dir='ltr'><strong>dicenda</strong></span> <span class='ocrx_word' id='word_1_208' title='bbox 993 4179 1103 4242; x_wconf 87' lang='lat' dir='ltr'><strong>melius</strong></span> <span class='ocrx_word' id='word_1_209' title='bbox 1125 4179 1279 4257; x_wconf 86' lang='lat' dir='ltr'><strong>eluceant,</strong></span> <span class='ocrx_word' id='word_1_210' title='bbox 1307 4181 1467 4246; x_wconf 90' lang='lat' dir='ltr'><strong>sciendum</strong></span> <span class='ocrx_word' id='word_1_211' title='bbox 1489 4195 1545 4264; x_wconf 80' lang='lat' dir='ltr'><strong>est,</strong></span> <span class='ocrx_word' id='word_1_212' title='bbox 1572 4185 1685 4272; x_wconf 86' lang='lat' dir='ltr'><strong>triplex</strong></span> <span class='ocrx_word' id='word_1_213' title='bbox 1697 4209 1767 4276; x_wconf 69' lang='lat' dir='ltr'><strong>esse</strong></span> 
     </span>
     <span class='ocr_line' id='line_1_25' title="bbox 288 4286 1768 4382; baseline 0.003 -24"><span class='ocrx_word' id='word_1_214' title='bbox 288 4301 314 4339; x_wconf 78' lang='lat'><strong>‘⁸</strong></span> <span class='ocrx_word' id='word_1_215' title='bbox 328 4293 513 4382; x_wconf 86' lang='lat' dir='ltr'><strong>symbolum,</strong></span> <span class='ocrx_word' id='word_1_216' title='bbox 537 4289 795 4378; x_wconf 85' lang='lat' dir='ltr'><strong>quadripartitum</strong></span> <span class='ocrx_word' id='word_1_217' title='bbox 812 4286 989 4353; x_wconf 88' lang='lat' dir='ltr'><strong>Concilium</strong></span> <span class='ocrx_word' id='word_1_218' title='bbox 1004 4289 1068 4355; x_wconf 85' lang='lat' dir='ltr'><strong>sive</strong></span> <span class='ocrx_word' id='word_1_219' title='bbox 1083 4287 1257 4376; x_wconf 81' lang='lat' dir='ltr'><strong>synodum,</strong></span> <span class='ocrx_word' id='word_1_220' title='bbox 1279 4289 1343 4356; x_wconf 89' lang='lat' dir='ltr'><strong>sive</strong></span> <span class='ocrx_word' id='word_1_221' title='bbox 1358 4294 1454 4358; x_wconf 85' lang='lat' dir='ltr'><strong>mavis</strong></span> <span class='ocrx_word' id='word_1_222' title='bbox 1469 4307 1613 4361; x_wconf 88' lang='lat' dir='ltr'><strong>octavum</strong></span> <span class='ocrx_word' id='word_1_223' title='bbox 1627 4319 1694 4363; x_wconf 88' lang='lat' dir='ltr'><strong>esse</strong></span> <span class='ocrx_word' id='word_1_224' title='bbox 1707 4321 1768 4382; x_wconf 85' lang='lat' dir='ltr'><strong>nu·</strong></span> 
     </span>
     <span class='ocr_line' id='line_1_26' title="bbox 290 4395 694 4488; baseline -0.01 -19"><span class='ocrx_word' id='word_1_225' title='bbox 290 4410 313 4450; x_wconf 76' lang='lat'><strong>⁸‘</strong></span> <span class='ocrx_word' id='word_1_226' title='bbox 325 4425 449 4469; x_wconf 88' lang='lat' dir='ltr'><strong>merum</strong></span> <span class='ocrx_word' id='word_1_227' title='bbox 465 4395 694 4488; x_wconf 87' lang='lat' dir='ltr'><strong>Synodorum.”</strong></span> 
     </span>
     <span class='ocr_line' id='line_1_27' title="bbox 334 4511 1591 4606; baseline 0.002 -24"><span class='ocrx_word' id='word_1_228' title='bbox 334 4519 515 4606; x_wconf 87' lang='lat' dir='ltr'><strong>Sequuntur</strong></span> <span class='ocrx_word' id='word_1_229' title='bbox 529 4515 648 4580; x_wconf 91' lang='lat' dir='ltr'><strong>Versus</strong></span> <span class='ocrx_word' id='word_1_230' title='bbox 666 4519 727 4579; x_wconf 80' lang='lat' dir='ltr'><strong>iol</strong></span> <span class='ocrx_word' id='word_1_231' title='bbox 742 4511 782 4578; x_wconf 91' lang='lat' dir='ltr'><strong>de</strong></span> <span class='ocrx_word' id='word_1_232' title='bbox 799 4511 986 4578; x_wconf 78' lang='lat' dir='ltr'><strong>Poenitentiri</strong></span> <span class='ocrx_word' id='word_1_233' title='bbox 1001 4523 1033 4577; x_wconf 86' lang='lat' dir='ltr'><strong>et</strong></span> <span class='ocrx_word' id='word_1_234' title='bbox 1049 4513 1271 4579; x_wconf 79' lang='lat' dir='ltr'><strong>Confessione:</strong></span> <span class='ocrx_word' id='word_1_235' title='bbox 1293 4515 1347 4602; x_wconf 90' lang='lat' dir='ltr'><strong>qui</strong></span> <span class='ocrx_word' id='word_1_236' title='bbox 1361 4516 1405 4581; x_wconf 82' lang='lat' dir='ltr'><strong>sio</strong></span> <span class='ocrx_word' id='word_1_237' title='bbox 1419 4513 1591 4604; x_wconf 88' lang='lat' dir='ltr'><strong>incipiunt:</strong></span> 
     </span>
     <span class='ocr_line' id='line_1_28' title="bbox 378 4621 1125 4711; baseline -0.007 -18"><span class='ocrx_word' id='word_1_238' title='bbox 378 4635 400 4671; x_wconf 76' lang='lat'><strong>‘⁴</strong></span> <span class='ocrx_word' id='word_1_239' title='bbox 416 4624 559 4693; x_wconf 80' lang='lat' dir='ltr'><strong>Peni&#39;teat</strong></span> <span class='ocrx_word' id='word_1_240' title='bbox 573 4627 635 4691; x_wconf 85' lang='lat' dir='ltr'><strong>cito</strong></span> <span class='ocrx_word' id='word_1_241' title='bbox 649 4635 805 4711; x_wconf 85' lang='lat' dir='ltr'><strong>peccator,</strong></span> <span class='ocrx_word' id='word_1_242' title='bbox 821 4647 893 4688; x_wconf 89' lang='lat' dir='ltr'><strong>cum</strong></span> <span class='ocrx_word' id='word_1_243' title='bbox 907 4626 947 4687; x_wconf 89' lang='lat' dir='ltr'><strong>sit</strong></span> <span class='ocrx_word' id='word_1_244' title='bbox 960 4621 1125 4688; x_wconf 89' lang='lat' dir='ltr'><strong>miserator</strong></span> 
     </span>
     <span class='ocr_line' id='line_1_29' title="bbox 378 4732 1139 4824; baseline -0.011 -18"><span class='ocrx_word' id='word_1_245' title='bbox 378 4747 401 4782; x_wconf 88' lang='lat'><strong>“</strong></span> <span class='ocrx_word' id='word_1_246' title='bbox 414 4737 537 4806; x_wconf 87' lang='lat' dir='ltr'><strong>Judex:</strong></span> <span class='ocrx_word' id='word_1_247' title='bbox 554 4751 585 4804; x_wconf 91' lang='lat' dir='ltr'><strong>et</strong></span> <span class='ocrx_word' id='word_1_248' title='bbox 599 4738 661 4802; x_wconf 89' lang='lat' dir='ltr'><strong>sint</strong></span> <span class='ocrx_word' id='word_1_249' title='bbox 674 4735 733 4802; x_wconf 91' lang='lat' dir='ltr'><strong>hec</strong></span> <span class='ocrx_word' id='word_1_250' title='bbox 748 4737 885 4824; x_wconf 90' lang='lat' dir='ltr'><strong>quinque</strong></span> <span class='ocrx_word' id='word_1_251' title='bbox 898 4732 1038 4800; x_wconf 89' lang='lat' dir='ltr'><strong>notanda</strong></span> <span class='ocrx_word' id='word_1_252' title='bbox 1053 4732 1139 4800; x_wconf 85' lang='lat' dir='ltr'><strong>tibi.’&#39;</strong></span> 
     </span>
     <span class='ocr_line' id='line_1_30' title="bbox 333 4843 1275 4930; baseline -0.007 -13"><span class='ocrx_word' id='word_1_253' title='bbox 333 4847 453 4917; x_wconf 84' lang='lat' dir='ltr'><strong>Versus</strong></span> <span class='ocrx_word' id='word_1_254' title='bbox 467 4851 540 4914; x_wconf 83' lang='lat' dir='ltr'><strong>item</strong></span> <span class='ocrx_word' id='word_1_255' title='bbox 556 4858 577 4915; x_wconf 88' lang='lat'>6</span> <span class='ocrx_word' id='word_1_256' title='bbox 592 4847 747 4913; x_wconf 87' lang='lat' dir='ltr'><strong>decausis</strong></span> <span class='ocrx_word' id='word_1_257' title='bbox 762 4843 1002 4912; x_wconf 81' lang='lat' dir='ltr'><strong>Matrimonium</strong></span> <span class='ocrx_word' id='word_1_258' title='bbox 1016 4843 1275 4930; x_wconf 88' lang='lat' dir='ltr'><strong>impedientibus:</strong></span> 
     </span>
     <span class='ocr_line' id='line_1_31' title="bbox 375 4951 1099 5042; baseline -0.007 -17"><span class='ocrx_word' id='word_1_259' title='bbox 375 4966 401 5004; x_wconf 86' lang='lat'><strong>&#39;“</strong></span> <span class='ocrx_word' id='word_1_260' title='bbox 415 4961 545 5038; x_wconf 88' lang='lat' dir='ltr'><strong>Votum,</strong></span> <span class='ocrx_word' id='word_1_261' title='bbox 563 4951 721 5037; x_wconf 85' lang='lat' dir='ltr'><strong>Conditio,</strong></span> <span class='ocrx_word' id='word_1_262' title='bbox 738 4955 905 5033; x_wconf 85' lang='lat' dir='ltr'><strong>Violentia,</strong></span> <span class='ocrx_word' id='word_1_263' title='bbox 923 4953 1099 5042; x_wconf 88' lang='lat' dir='ltr'><strong>Spiritualis</strong></span> 
     </span>
     <span class='ocr_line' id='line_1_32' title="bbox 422 5063 1207 5154; baseline -0.005 -18"><span class='ocrx_word' id='word_1_264' title='bbox 422 5079 444 5116; x_wconf 83' lang='lat'>“</span> <span class='ocrx_word' id='word_1_265' title='bbox 460 5069 659 5148; x_wconf 80' lang='lat' dir='ltr'><strong>Proximitas,</strong></span> <span class='ocrx_word' id='word_1_266' title='bbox 676 5067 785 5148; x_wconf 89' lang='lat' dir='ltr'><strong>Error,</strong></span> <span class='ocrx_word' id='word_1_267' title='bbox 802 5065 1033 5154; x_wconf 90' lang='lat' dir='ltr'><strong>Dissimilisque</strong></span> <span class='ocrx_word' id='word_1_268' title='bbox 1050 5063 1207 5132; x_wconf 46' lang='lat' dir='ltr'><strong>Fides&amp;-</strong></span> 
     </span>
    </p>
   </div>
   <div class='ocr_carea' id='block_1_7' title="bbox 294 5201 1776 6270">
    <p class='ocr_par' dir='ltr' id='par_1_10' title="bbox 294 5201 1776 6180">
     <span class='ocr_line' id='line_1_33' title="bbox 338 5201 1771 5292; baseline -0.001 -18"><span class='ocrx_word' id='word_1_269' title='bbox 338 5205 452 5274; x_wconf 81' lang='lat' dir='ltr'><strong>Poatea</strong></span> <span class='ocrx_word' id='word_1_270' title='bbox 464 5215 665 5272; x_wconf 82' lang='lat' dir='ltr'><strong>recensentur</strong></span> <span class='ocrx_word' id='word_1_271' title='bbox 676 5201 842 5268; x_wconf 87' lang='lat' dir='ltr'><strong>Lectiones</strong></span> <span class='ocrx_word' id='word_1_272' title='bbox 854 5202 1053 5292; x_wconf 83' lang='lat' dir='ltr'><strong>Evangelicae</strong></span> <span class='ocrx_word' id='word_1_273' title='bbox 1067 5205 1100 5268; x_wconf 89' lang='lat' dir='ltr'><strong>in</strong></span> <span class='ocrx_word' id='word_1_274' title='bbox 1115 5203 1225 5270; x_wconf 83' lang='lat' dir='ltr'><strong>diebus</strong></span> <span class='ocrx_word' id='word_1_275' title='bbox 1236 5203 1412 5271; x_wconf 87' lang='lat' dir='ltr'><strong>Dominicis</strong></span> <span class='ocrx_word' id='word_1_276' title='bbox 1427 5216 1459 5270; x_wconf 89' lang='lat' dir='ltr'><strong>et</strong></span> <span class='ocrx_word' id='word_1_277' title='bbox 1471 5204 1571 5272; x_wconf 82' lang='lat' dir='ltr'><strong>Fastis</strong></span> <span class='ocrx_word' id='word_1_278' title='bbox 1584 5206 1771 5286; x_wconf 75' lang='lat' dir='ltr'><strong>recitandae:</strong></span> 
     </span>
     <span class='ocr_line' id='line_1_34' title="bbox 294 5313 1773 5402; baseline -0.001 -20"><span class='ocrx_word' id='word_1_279' title='bbox 294 5317 449 5382; x_wconf 74' lang='lat' dir='ltr'><strong>annotatis</strong></span> <span class='ocrx_word' id='word_1_280' title='bbox 463 5316 555 5381; x_wconf 90' lang='lat' dir='ltr'><strong>simul</strong></span> <span class='ocrx_word' id='word_1_281' title='bbox 571 5314 726 5400; x_wconf 85' lang='lat' dir='ltr'><strong>Capitulis</strong></span> <span class='ocrx_word' id='word_1_282' title='bbox 745 5337 786 5380; x_wconf 84' lang='lat' dir='ltr'><strong>ex</strong></span> <span class='ocrx_word' id='word_1_283' title='bbox 807 5315 903 5378; x_wconf 85' lang='lat' dir='ltr'><strong>veteri</strong></span> <span class='ocrx_word' id='word_1_284' title='bbox 917 5313 1077 5380; x_wconf 86' lang='lat' dir='ltr'><strong>divisione.</strong></span> <span class='ocrx_word' id='word_1_285' title='bbox 1124 5315 1188 5380; x_wconf 94' lang='lat' dir='ltr'><strong>Sed</strong></span> <span class='ocrx_word' id='word_1_286' title='bbox 1201 5326 1327 5378; x_wconf 87' lang='lat' dir='ltr'><strong>notatur</strong></span> <span class='ocrx_word' id='word_1_287' title='bbox 1348 5315 1441 5378; x_wconf 91' lang='lat' dir='ltr'><strong>simul</strong></span> <span class='ocrx_word' id='word_1_288' title='bbox 1463 5328 1495 5379; x_wconf 84' lang='lat' dir='ltr'><strong>et</strong></span> <span class='ocrx_word' id='word_1_289' title='bbox 1515 5315 1712 5402; x_wconf 51' lang='lat' dir='ltr'><strong>in&#39;margine,</strong></span> <span class='ocrx_word' id='word_1_290' title='bbox 1731 5327 1773 5382; x_wconf 75' lang='lat' dir='ltr'><strong>‚et</strong></span> 
     </span>
     <span class='ocr_line' id='line_1_35' title="bbox 294 5423 1773 5515; baseline -0.001 -23"><span class='ocrx_word' id='word_1_291' title='bbox 294 5428 329 5492; x_wconf 91' lang='lat' dir='ltr'><strong>in</strong></span> <span class='ocrx_word' id='word_1_292' title='bbox 343 5428 471 5492; x_wconf 88' lang='lat' dir='ltr'><strong>summis</strong></span> <span class='ocrx_word' id='word_1_293' title='bbox 484 5427 615 5515; x_wconf 80' lang='lat' dir='ltr'><strong>paginis,</strong></span> <span class='ocrx_word' id='word_1_294' title='bbox 639 5427 792 5492; x_wconf 83' lang='lat' dir='ltr'><strong>recentior</strong></span> <span class='ocrx_word' id='word_1_295' title='bbox 806 5423 861 5488; x_wconf 91' lang='lat' dir='ltr'><strong>illa</strong></span> <span class='ocrx_word' id='word_1_296' title='bbox 883 5425 1030 5512; x_wconf 82' lang='lat' dir='ltr'><strong>Cupitum</strong></span> <span class='ocrx_word' id='word_1_297' title='bbox 1051 5425 1219 5504; x_wconf 89' lang='lat' dir='ltr'><strong>distinctio,</strong></span> <span class='ocrx_word' id='word_1_298' title='bbox 1241 5446 1312 5509; x_wconf 78' lang='lat' dir='ltr'><strong>qua:</strong></span> <span class='ocrx_word' id='word_1_299' title='bbox 1326 5423 1367 5488; x_wconf 93' lang='lat' dir='ltr'><strong>ab</strong></span> <span class='ocrx_word' id='word_1_300' title='bbox 1383 5423 1524 5510; x_wconf 88' lang='lat' dir='ltr'><strong>Hugone</strong></span> <span class='ocrx_word' id='word_1_301' title='bbox 1540 5424 1709 5506; x_wconf 78' lang='lat' dir='ltr'><strong>cardinale</strong></span> <span class='ocrx_word' id='word_1_302' title='bbox 1723 5427 1773 5490; x_wconf 88' lang='lat' dir='ltr'><strong>in-</strong></span> 
     </span>
     <span class='ocr_line' id='line_1_36' title="bbox 294 5533 1773 5624; baseline 0 -20"><span class='ocrx_word' id='word_1_303' title='bbox 294 5539 403 5604; x_wconf 84' lang='lat' dir='ltr'><strong>stituta</strong></span> <span class='ocrx_word' id='word_1_304' title='bbox 416 5548 471 5604; x_wconf 80' lang='lat' dir='ltr'><strong>est.</strong></span> <span class='ocrx_word' id='word_1_305' title='bbox 515 5537 707 5624; x_wconf 86' lang='lat' dir='ltr'><strong>Adjungitur</strong></span> <span class='ocrx_word' id='word_1_306' title='bbox 721 5536 813 5600; x_wconf 86' lang='lat' dir='ltr'><strong>etiam</strong></span> <span class='ocrx_word' id='word_1_307' title='bbox 827 5536 861 5598; x_wconf 91' lang='lat' dir='ltr'><strong>in</strong></span> <span class='ocrx_word' id='word_1_308' title='bbox 875 5536 1016 5622; x_wconf 88' lang='lat' dir='ltr'><strong>margine</strong></span> <span class='ocrx_word' id='word_1_309' title='bbox 1030 5549 1118 5600; x_wconf 83' lang='lat' dir='ltr'><strong>vetus</strong></span> <span class='ocrx_word' id='word_1_310' title='bbox 1139 5537 1193 5600; x_wconf 83' lang='lat' dir='ltr'><strong>illa</strong></span> <span class='ocrx_word' id='word_1_311' title='bbox 1207 5534 1318 5599; x_wconf 83' lang='lat' dir='ltr'><strong>divisio</strong></span> <span class='ocrx_word' id='word_1_312' title='bbox 1333 5534 1365 5596; x_wconf 91' lang='lat' dir='ltr'><strong>in</strong></span> <span class='ocrx_word' id='word_1_313' title='bbox 1382 5533 1546 5619; x_wconf 79' lang='lat' dir='ltr'><strong>capitula:</strong></span> <span class='ocrx_word' id='word_1_314' title='bbox 1569 5536 1686 5622; x_wconf 88' lang='lat' dir='ltr'><strong>(qualia</strong></span> <span class='ocrx_word' id='word_1_315' title='bbox 1700 5551 1773 5604; x_wconf 86' lang='lat' dir='ltr'><strong>sunt</strong></span> 
     </span>
     <span class='ocr_line' id='line_1_37' title="bbox 296 5644 1774 5729; baseline 0.001 -17"><span class='ocrx_word' id='word_1_316' title='bbox 296 5650 329 5714; x_wconf 90' lang='lat' dir='ltr'><strong>in</strong></span> <span class='ocrx_word' id='word_1_317' title='bbox 345 5648 590 5724; x_wconf 68' lang='lat' dir='ltr'><strong>Mammosas,</strong></span> <span class='ocrx_word' id='word_1_318' title='bbox 614 5647 647 5710; x_wconf 89' lang='lat' dir='ltr'><strong>in</strong></span> <span class='ocrx_word' id='word_1_319' title='bbox 670 5644 784 5712; x_wconf 87' lang='lat' dir='ltr'><strong>Marco</strong></span> <span class='ocrx_word' id='word_1_320' title='bbox 798 5654 872 5724; x_wconf 76' lang='lat'><strong>234,</strong></span> <span class='ocrx_word' id='word_1_321' title='bbox 898 5645 931 5708; x_wconf 93' lang='lat' dir='ltr'><strong>in</strong></span> <span class='ocrx_word' id='word_1_322' title='bbox 954 5645 1043 5710; x_wconf 77' lang='lat' dir='ltr'><strong>Lucci</strong></span> <span class='ocrx_word' id='word_1_323' title='bbox 1059 5655 1132 5723; x_wconf 75' lang='lat'><strong>843,</strong></span> <span class='ocrx_word' id='word_1_324' title='bbox 1155 5647 1188 5708; x_wconf 89' lang='lat' dir='ltr'><strong>in</strong></span> <span class='ocrx_word' id='word_1_325' title='bbox 1202 5645 1325 5710; x_wconf 89' lang='lat' dir='ltr'><strong>Joanne</strong></span> <span class='ocrx_word' id='word_1_326' title='bbox 1339 5648 1417 5729; x_wconf 72' lang='lat'><strong>232)</strong></span> <span class='ocrx_word' id='word_1_327' title='bbox 1442 5659 1474 5712; x_wconf 89' lang='lat' dir='ltr'><strong>et</strong></span> <span class='ocrx_word' id='word_1_328' title='bbox 1489 5648 1685 5712; x_wconf 82' lang='lat' dir='ltr'><strong>Sectionibua</strong></span> <span class='ocrx_word' id='word_1_329' title='bbox 1706 5648 1774 5714; x_wconf 80' lang='lat' dir='ltr'><strong>istis</strong></span> 
     </span>
     <span class='ocr_line' id='line_1_38' title="bbox 296 5751 1774 5847; baseline -0.002 -21"><span class='ocrx_word' id='word_1_330' title='bbox 296 5751 501 5847; x_wconf 76' lang='lat' dir='ltr'><strong>subjiciuntur</strong></span> <span class='ocrx_word' id='word_1_331' title='bbox 512 5755 757 5846; x_wconf 83' lang='lat' dir='ltr'><strong>Evangeliorum</strong></span> <span class='ocrx_word' id='word_1_332' title='bbox 771 5757 962 5843; x_wconf 89' lang='lat' dir='ltr'><strong>reliquorum</strong></span> <span class='ocrx_word' id='word_1_333' title='bbox 977 5757 1017 5842; x_wconf 90' lang='lat' dir='ltr'><strong>(si</strong></span> <span class='ocrx_word' id='word_1_334' title='bbox 1031 5778 1103 5844; x_wconf 79' lang='lat' dir='ltr'><strong>quoe</strong></span> <span class='ocrx_word' id='word_1_335' title='bbox 1117 5756 1191 5840; x_wconf 83' lang='lat' dir='ltr'><strong>sint)</strong></span> <span class='ocrx_word' id='word_1_336' title='bbox 1206 5756 1277 5822; x_wconf 86' lang='lat' dir='ltr'><strong>loca</strong></span> <span class='ocrx_word' id='word_1_337' title='bbox 1288 5757 1454 5844; x_wconf 78' lang='lat' dir='ltr'><strong>parallelo:</strong></span> <span class='ocrx_word' id='word_1_338' title='bbox 1480 5770 1515 5823; x_wconf 90' lang='lat' dir='ltr'><strong>ut</strong></span> <span class='ocrx_word' id='word_1_339' title='bbox 1529 5759 1561 5822; x_wconf 91' lang='lat' dir='ltr'><strong>in</strong></span> <span class='ocrx_word' id='word_1_340' title='bbox 1573 5759 1683 5824; x_wconf 90' lang='lat' dir='ltr'><strong>Bibliis</strong></span> <span class='ocrx_word' id='word_1_341' title='bbox 1699 5759 1774 5824; x_wconf 91' lang='lat' dir='ltr'><strong>Hu-</strong></span> 
     </span>
     <span class='ocr_line' id='line_1_39' title="bbox 295 5869 1772 5962; baseline -0.001 -25"><span class='ocrx_word' id='word_1_342' title='bbox 295 5874 386 5962; x_wconf 77' lang='lat' dir='ltr'><strong>goni:</strong></span> <span class='ocrx_word' id='word_1_343' title='bbox 402 5871 552 5958; x_wconf 83' lang='lat' dir='ltr'><strong>Episcopi</strong></span> <span class='ocrx_word' id='word_1_344' title='bbox 567 5872 678 5956; x_wconf 89' lang='lat' dir='ltr'><strong>[supra</strong></span> <span class='ocrx_word' id='word_1_345' title='bbox 694 5869 774 5934; x_wconf 86' lang='lat' dir='ltr'><strong>Cod.</strong></span> <span class='ocrx_word' id='word_1_346' title='bbox 793 5879 820 5934; x_wconf 88' lang='lat' dir='ltr'><strong>l.</strong></span> <span class='ocrx_word' id='word_1_347' title='bbox 837 5869 908 5934; x_wconf 95' lang='lat' dir='ltr'><strong>Vol.</strong></span> <span class='ocrx_word' id='word_1_348' title='bbox 925 5875 971 5950; x_wconf 80' lang='grc'><strong>8.]</strong></span> <span class='ocrx_word' id='word_1_349' title='bbox 1016 5869 1162 5955; x_wconf 84' lang='lat' dir='ltr'><strong>Exempli</strong></span> <span class='ocrx_word' id='word_1_350' title='bbox 1176 5869 1295 5959; x_wconf 76' lang='lat' dir='ltr'><strong>gratii:</strong></span> <span class='ocrx_word' id='word_1_351' title='bbox 1320 5879 1341 5912; x_wconf 87' lang='lat'>“</span> <span class='ocrx_word' id='word_1_352' title='bbox 1356 5870 1438 5936; x_wconf 87' lang='lat' dir='ltr'><strong>Mat.</strong></span> <span class='ocrx_word' id='word_1_353' title='bbox 1453 5879 1505 5938; x_wconf 75' lang='lat'><strong>23.</strong></span> <span class='ocrx_word' id='word_1_354' title='bbox 1523 5871 1607 5936; x_wconf 88' lang='lat' dir='ltr'><strong>Mar.</strong></span> <span class='ocrx_word' id='word_1_355' title='bbox 1624 5879 1676 5942; x_wconf 75' lang='lat'><strong>27.</strong></span> <span class='ocrx_word' id='word_1_356' title='bbox 1693 5871 1772 5937; x_wconf 87' lang='lat' dir='ltr'><strong>Luc.</strong></span> 
     </span>
     <span class='ocr_line' id='line_1_40' title="bbox 301 5967 1776 6053; baseline -0.001 -5"><span class='ocrx_word' id='word_1_357' title='bbox 301 5992 351 6053; x_wconf 85' lang='lat'><strong>17.</strong></span> <span class='ocrx_word' id='word_1_358' title='bbox 372 5984 464 6049; x_wconf 89' lang='lat' dir='ltr'><strong>Joan.</strong></span> <span class='ocrx_word' id='word_1_359' title='bbox 484 5992 533 6049; x_wconf 90' lang='lat'><strong>16.</strong></span> <span class='ocrx_word' id='word_1_360' title='bbox 557 5983 629 6046; x_wconf 64' lang='lat'><strong>423³</strong></span> <span class='ocrx_word' id='word_1_361' title='bbox 674 5980 738 6046; x_wconf 77' lang='lat' dir='ltr'><strong>ie.</strong></span> <span class='ocrx_word' id='word_1_362' title='bbox 761 6003 833 6046; x_wconf 89' lang='lat' dir='ltr'><strong>cum</strong></span> <span class='ocrx_word' id='word_1_363' title='bbox 858 5981 1002 6046; x_wconf 86' lang='lat' dir='ltr'><strong>Sectione</strong></span> <span class='ocrx_word' id='word_1_364' title='bbox 1025 5979 1173 6048; x_wconf 82' lang='lat' dir='ltr'><strong>Mattlroei</strong></span> <span class='ocrx_word' id='word_1_365' title='bbox 1197 5967 1251 6047; x_wconf 66' lang='lat' dir='ltr'><strong>td·</strong></span> <span class='ocrx_word' id='word_1_366' title='bbox 1270 5981 1463 6048; x_wconf 81' lang='lat' dir='ltr'><strong>concordant</strong></span> <span class='ocrx_word' id='word_1_367' title='bbox 1484 5981 1644 6048; x_wconf 85' lang='lat' dir='ltr'><strong>Sectioncs</strong></span> <span class='ocrx_word' id='word_1_368' title='bbox 1669 5980 1776 6046; x_wconf 89' lang='lat' dir='ltr'><strong>Marci</strong></span> 
     </span>
     <span class='ocr_line' id='line_1_41' title="bbox 298 6091 1775 6180; baseline -0.004 -18"><span class='ocrx_word' id='word_1_369' title='bbox 298 6103 387 6178; x_wconf 62' lang='grc' dir='ltr'><strong>ψ’,</strong></span> <span class='ocrx_word' id='word_1_370' title='bbox 406 6095 497 6162; x_wconf 78' lang='lat' dir='ltr'><strong>Luca</strong></span> <span class='ocrx_word' id='word_1_371' title='bbox 513 6101 598 6176; x_wconf 63' lang='lat'><strong>17¹³,</strong></span> <span class='ocrx_word' id='word_1_372' title='bbox 618 6105 650 6162; x_wconf 85' lang='lat' dir='ltr'><strong>et</strong></span> <span class='ocrx_word' id='word_1_373' title='bbox 662 6092 794 6162; x_wconf 75' lang='lat' dir='ltr'><strong>somnis</strong></span> <span class='ocrx_word' id='word_1_374' title='bbox 811 6095 872 6160; x_wconf 69' lang='lat'><strong>162.</strong></span> <span class='ocrx_word' id='word_1_375' title='bbox 888 6105 920 6160; x_wconf 88' lang='lat' dir='ltr'><strong>et</strong></span> <span class='ocrx_word' id='word_1_376' title='bbox 934 6093 1019 6172; x_wconf 63' lang='lat'><strong>42⁶²:</strong></span> <span class='ocrx_word' id='word_1_377' title='bbox 1041 6091 1195 6160; x_wconf 83' lang='lat' dir='ltr'><strong>utvidere</strong></span> <span class='ocrx_word' id='word_1_378' title='bbox 1210 6093 1305 6160; x_wconf 81' lang='lat' dir='ltr'><strong>estin</strong></span> <span class='ocrx_word' id='word_1_379' title='bbox 1322 6094 1452 6160; x_wconf 86' lang='lat' dir='ltr'><strong>Canone</strong></span> <span class='ocrx_word' id='word_1_380' title='bbox 1467 6093 1648 6160; x_wconf 79' lang='lat' dir='ltr'><strong>Emabiano</strong></span> <span class='ocrx_word' id='word_1_381' title='bbox 1661 6093 1775 6180; x_wconf 86' lang='lat' dir='ltr'><strong>primo.</strong></span> 
     </span>
    </p>

    <p class='ocr_par' dir='ltr' id='par_1_11' title="bbox 985 6223 1009 6270">
     <span class='ocr_line' id='line_1_42' title="bbox 985 6223 1009 6270; baseline 0 0"><span class='ocrx_word' id='word_1_382' title='bbox 985 6223 1009 6270; x_wconf 70' lang='grc' dir='ltr'>ι</span> 
     </span>
    </p>
   </div>
   <div class='ocr_carea' id='block_1_8' title="bbox 0 0 2355 7860">
    <p class='ocr_par' dir='ltr' id='par_1_12' title="bbox 0 0 2355 7860">
     <span class='ocr_line' id='line_1_43' title="bbox 0 0 2355 7860; baseline 0 0"><span class='ocrx_word' id='word_1_383' title='bbox 0 0 2355 7860; x_wconf 95' lang='lat' dir='ltr'><strong> </strong></span> 
     </span>
    </p>
   </div>
  </div>
 </body>
</html>
