4640 7842
536 1023 610 1094 282
1056 1041 1213 1097 comere
1238 1039 1504 1096 nsuuserurcr.

307 1239 350 1314 Β.
369 1237 514 1318 IV.28.
638 1249 660 1284 ‘⁶
676 1241 807 1307 Summo
824 1239 988 1320 Pontifice,
1010 1239 1096 1307 dicto
1119 1243 1305 1310 innocentio
1319 1243 1441 1308 tertio.”
1487 1250 1508 1284 ‘⁶
1521 1239 1630 1318 Quare
1645 1238 1685 1306 de
1707 1235 1800 1308 vulvt
1822 1235 1931 1308 metris
1952 1258 2026 1316 mee

317 1335 438 1387 mm
639 1363 661 1396 “
675 1375 818 1442 egressus
832 1375 901 1417 sum
911 1351 946 1418 l''

594 1463 752 1554 Prologus
765 1465 807 1530 ad
823 1463 953 1532 Petram
976 1465 1185 1537 Portuensem
1208 1469 1401 1557 Episcopum
1420 1467 1454 1534 in
1475 1467 1537 1535 imi
1552 1481 1641 1554 parte
1661 1465 1725 1554 iolij
1747 1469 1955 1554 precedentis
1977 1471 2022 1538 le·

595 1589 808 1778 stillam
821 1699 873 1756 04.

596 1805 637 1872 In
665 1803 730 1870 line
752 1804 832 1870 alius
853 1801 962 1870 titulus
983 1803 1171 1871 adscribitur
1186 1827 1282 1896 quam
1302 1807 1337 1872 in
1359 1806 1468 1872 initio:
1492 1804 1667 1891 “Explicit
1687 1804 1767 1870 liber
1788 1805 1829 1871 de
1852 1807 2025 1874 Putredine

641 1925 663 1961 “
678 1916 907 1983 Cadaverum.”

596 2030 706 2097 Lineoe
720 2029 891 2096 dimidiatoe
904 2039 993 2092 sunt:
1018 2026 1136 2094 Literae
1149 2029 1299 2110 minutre3
1314 2031 1355 2096 ab
1370 2029 1481 2098 eidem
1494 2049 1590 2094 mauu
1604 2027 1666 2116 quui
1682 2027 1926 2098 Observationes
1939 2054 2024 2118 pros-

597 2144 812 2344 Subilcidbesnu
826 2255 867 2320 ab
888 2252 999 2320 eidem
1020 2273 1117 2318 mauu
1138 2259 1181 2318 28
1196 2253 1316 2318 Versus
1338 2253 1467 2344 elegiaci
1488 2255 1529 2320 de
1545 2255 1652 2320 Poenis
1668 2253 1807 2334 Inlemi3
1833 2255 1947 2344 quibus
1961 2275 2022 2345 pro

640 2369 732 2436 titulo
745 2367 921 2457 prefigitur
935 2366 987 2432 bic
998 2388 1109 2432 versus
1118 2379 1313 2452 pentameter
1324 2391 1379 2432 :-

691 2489 713 2524 “
725 2479 831 2558 Quem
846 2479 886 2544 sit
900 2475 1047 2542 terribilia
1063 2475 1151 2542 Pcns
1164 2477 1270 2542 futura
1282 2479 1376 2544 reis.”

685 2599 707 2634 ‘⁴
723 2591 758 2657 Si
771 2591 857 2656 bons
870 2589 960 2678 signa
974 2587 1038 2654 Dei
1052 2607 1118 2652 non
1132 2601 1164 2653 te
1177 2599 1327 2654 revocant
1340 2589 1382 2656 ad
1396 2607 1546 2670 amorem,

686 2711 707 2747 ‘⁶
723 2701 861 2768 Incutiat
874 2700 984 2766 saltem
1000 2699 1089 2766 Pena
1101 2698 1208 2766 futura
1221 2704 1370 2767 metum.”

541 2851 571 2910 r.
593 2839 796 2909 Tuacrarus
811 2857 990 2907 curusuarr
1007 2837 1198 2906 Sartrrrrr.
1242 2837 1296 2904 fol.
1314 2837 1666 2922 re.[ab1nnocentio.]

599 2952 715 3020 Nullus
729 2950 809 3016 alius
823 2962 871 3014 est
885 2948 1004 3014 titulus.

599 3066 682 3134 Sunt
696 3059 921 3130 Meditaticnes
936 3057 977 3124 de
992 3055 1076 3141 Dec,
1094 3059 1229 3128 Peccato
1239 3061 1297 3127 &c
1313 3061 1369 3126 sed
1383 3059 1582 3146 imperleotae.
1629 3059 1707 3128 Post
1720 3060 1888 3130 ioliaenim
1903 3064 2027 3152 tplurs

643 3187 717 3241 sunt
729 3173 844 3252 excisa,
860 3193 932 3258 quae
946 3169 996 3234 vel
1010 3169 1103 3260 hujus
1118 3173 1168 3240 vel
1182 3172 1338 3261 sequentis
1353 3173 1503 3238 metatus
1517 3195 1591 3260 pars
1605 3171 1703 3239 lubre.

601 3285 654 3352 Sic
668 3283 838 3370 incipiunt:
862 3290 884 3324 “
897 3281 1046 3369 Cogitate
1060 3281 1166 3362 debes,
1182 3307 1204 3348 o
1218 3283 1332 3364 anima,
1348 3283 1454 3349 multis
1469 3297 1501 3350 et
1514 3283 1647 3351 assiduis
1661 3285 1950 3354 intentionibus”-

600 3397 765 3482 Scriptura
778 3392 890 3460 eodem
904 3403 952 3458 est
965 3414 1038 3478 quse
1051 3394 1084 3458 in
1101 3395 1296 3460 Innocentio.

543 3545 574 3602 4.
598 3535 785 3602 Suanorus
803 3537 864 3598 125
876 3553 885 3595 r
908 3549 1044 3618 quorum
1058 3543 1164 3596 tamen
1178 3537 1221 3601 27
1236 3549 1277 3596 ex
1291 3529 1400 3596 codice
1415 3541 1524 3596 nostro
1538 3530 1633 3596 excisi
1648 3533 1819 3616 perierunt.

602 3647 655 3716 Ex
668 3641 939 3712 observationibus
953 3661 1101 3732 magnum
1114 3654 1236 3729 partem
1251 3639 1426 3731 allegoricis
1447 3655 1480 3708 et
1500 3643 1670 3708 moralibus
1685 3645 1870 3710 conflantur.
1916 3642 2029 3715 Exem.

644 3777 692 3848 gr.
718 3757 830 3823 Sermo
852 3749 933 3820 tem
954 3755 998 3819 aie
1013 3753 1141 3840 incipit:
1166 3753 1256 3819 “Est
1276 3775 1356 3841 puer
1370 3775 1451 3818 unus
1473 3752 1636 3834 bic—[Jo.
1658 3756 1689 3820 6.
1706 3758 1753 3836 9.]
1797 3755 1874 3821 Duo
1896 3753 1948 3821 hic
1962 3771 2032 3822 tan-

647 3879 669 3913 “
682 3881 820 3960 guntin:
843 3866 909 3932 scil
926 3865 1038 3944 Qualis
1059 3865 1154 3931 debet
1174 3887 1243 3930 esse
1259 3865 1412 3944 Prolatus,
1436 3865 1496 3944 vel,
1519 3864 1712 3944 Predicator,
1735 3877 1767 3930 et
1780 3865 1921 3953 ejusdem
1934 3869 2032 3934 offici·

647 3991 669 4026 “
683 4005 756 4049 um:
779 3981 880 4070 qunlis
894 4001 984 4066 puer,
1000 3979 1050 4044 ie.
1065 3999 1164 4064 purus
1179 3977 1284 4056 corde,
1301 3999 1356 4042 ore
1371 3989 1403 4040 et
1416 3978 1541 4062 opere.’'

603 4093 847 4162 Observationes
860 4091 912 4157 bae
922 4090 1028 4156 multis
1037 4089 1071 4154 in
1084 4089 1161 4154 locis
1175 4089 1220 4154 ite
1227 4087 1387 4174 dispositos
1396 4099 1478 4166 sunt,
1494 4089 1549 4152 uni
1565 4087 1645 4152 Voci
1657 4087 1900 4154 Observationes
1911 4089 2029 4176 plures,

645 4205 789 4272 catenula
796 4207 926 4294 juncte,
942 4201 1166 4278 adnectatrtur3
1181 4199 1244 4266 hoc
1258 4200 1371 4265 modo:

848 4313 953 4380 cecus
966 4323 1090 4378 merite:
1114 4311 1181 4378 Odl
1195 4311 1313 4376 Deum.
1358 4309 1452 4376 Non:
1469 4311 1543 4398 quia
1557 4311 1709 4397 scripturn
1724 4323 1783 4378 est.

895 4431 918 4467 ¹⁸
933 4423 1052 4512 Siquis
1067 4443 1132 4488 non
1146 4433 1232 4488 amnt
1247 4421 1420 4501 Christum,
1436 4421 1721 4488 wathemeste-

850 4533 982 4622 Duplex
995 4533 1120 4600 enimcs
1144 4533 1364 4599 Inconstanter
1378 4554 1447 4623 age.
1493 4533 1587 4599 Non:
1603 4533 1677 4622 quia
1691 4533 1841 4620 scriptum
1855 4543 1921 4598 est:

661 4655 684 4693 ‘⁶
698 4647 810 4716 Luxus
895 4646 991 4712 “Vir
1005 4646 1125 4733 duplex
1139 4645 1320 4711 inconstans
1335 4654 1382 4710 est
1396 4645 1430 4710 in
1444 4647 1501 4712 viis
1516 4647 1612 4712 suis.”

853 4757 1009 4846 Preoepsr
1055 4757 1219 4824 Adultera.
1265 4755 1360 4824 Non:
1383 4759 1458 4847 quia
1472 4759 1622 4846 seriptum
1637 4769 1702 4824 est:

896 4879 918 4913 ‘⁴
933 4869 1000 4947 Qui
1013 4869 1137 4936 adulter
1150 4881 1207 4948 est,
1223 4870 1328 4956 perdit
1342 4871 1478 4936 animem
1494 4871 1613 4936 ausm.”

871 4986 929 5052 &c

609 5121 724 5209 Scripsi
738 5133 811 5186 sunt
832 5119 866 5186 hi
883 5123 1050 5189 Sermones
1071 5121 1161 5189 lineis
1175 5119 1323 5213 iutegris3
1345 5124 1442 5192 literis
1457 5121 1640 5202 minonbus,
1663 5119 1824 5200 rotundis3
1847 5135 1920 5188 ante
1934 5143 2036 5188 annos

652 5243 726 5314 ⁵00,
742 5245 797 5300 sut
809 5234 927 5322 plures.

551 5378 581 5439 5.
603 5367 807 5438 Tsacrrrus
822 5391 866 5438 ur
883 5371 1120 5440 Cournssrovn
1135 5389 1325 5438 rnaurrurs.

608 5481 662 5554 Sic
687 5483 813 5570 incipit:
845 5492 867 5527 “
878 5484 1010 5550 Activus
1035 5483 1288 5570 contemplativo
1313 5505 1375 5570 que
1399 5503 1524 5550 sursum
1549 5493 1623 5548 sunt
1645 5505 1756 5572 sapere
1776 5495 1810 5550 et
1832 5481 2035 5571 intelligere?

651 5593 813 5672 Quoniam
836 5593 1087 5682 Contemplau'va
1108 5596 1143 5662 iu
1166 5595 1297 5676 Activis,
1322 5596 1435 5662 Activa
1451 5595 1485 5660 in
1501 5595 1761 5682 Contemplativis
1782 5596 1889 5662 minus
1908 5607 1956 5662 eat
1970 5595 2034 5660 usi·

651 5707 781 5772 tata„-

609 5814 740 5881 Activus
766 5815 947 5901 (Secularis
972 5829 1008 5883 ut
1028 5817 1160 5898 videtur,
1184 5819 1352 5903 Sacerdos)
1378 5816 1419 5886 ad
1435 5818 1733 5908 Contempladmm,
1755 5817 1815 5885 ie.
1837 5813 2034 5884 Monachum

654 5923 793 5992 scribens
808 5927 849 5994 de
864 5927 1079 6010 confessione,
1095 5931 1140 5997 sic
1161 5951 1235 5996 eum
1256 5929 1359 5998 statim
1374 5944 1497 5998 manet:
1522 5931 1638 5998 “Volo
1656 5945 1689 5998 te
1702 5931 1792 6010 scire,
1815 5951 1888 5996 cum
1902 5931 1944 5995 sis
1960 5927 2035 5994 Mo-

656 6043 678 6076 “
692 6035 821 6116 uachus,
848 6073 934 6092 --
947 6051 978 6105 te
993 6040 1115 6106 nullum
1128 6063 1221 6125 posse
1235 6040 1334 6130 ligare
1355 6041 1404 6108 vel
1426 6042 1597 6124 absolvere,
1623 6043 1683 6110 uisi
1700 6039 1890 6114 claustrales
1912 6039 2036 6108 confra-
