4630 7860
799 1154 985 1207 accursus
1011 1155 1287 1206 russurrensis.
1733 1143 1782 1214 45

65 1355 274 1430 A‚111,28,
300 1352 396 1417 alesia
409 1350 505 1416 bodie
521 1349 627 1414 utitur.
674 1351 737 1416 Sed
752 1374 790 1416 ea
806 1353 954 1440 Cupitum
974 1355 1132 1420 distinctio
1146 1355 1180 1418 in
1200 1354 1262 1420 hoc
1276 1355 1384 1420 codice
1407 1377 1473 1420 non
1486 1369 1655 1442 comparet
1702 1360 1784 1426 Sunt

80 1453 198 1542 fflbll'a
299 1465 382 1530 enbn
397 1465 430 1527 in
454 1476 520 1527 toto
538 1462 619 1526 libro
645 1463 757 1550 Capita
787 1474 858 1544 126,
883 1467 969 1532 nulld
989 1468 1110 1532 ratione
1127 1467 1233 1532 habita
1255 1467 1414 1532 divisionis
1440 1468 1587 1554 Cupitum
1610 1469 1783 1540 hodierna.

298 1577 413 1641 Verior
427 1575 531 1662 itaque
553 1596 662 1638 eorsum
677 1578 831 1642 sententia
852 1577 975 1642 videtur
997 1579 1051 1664 qui
1065 1577 1146 1642 hanc
1171 1578 1321 1663 Cupitum
1343 1579 1575 1648 distinctionem
1592 1581 1727 1671 Hngoui
1741 1583 1781 1650 de

300 1691 417 1755 Smeto
433 1687 518 1752 Caro
535 1686 695 1752 cardinali
711 1688 863 1767 tribuunt,
879 1689 933 1776 qni
948 1711 1032 1754 anno
1051 1697 1133 1755 1260
1148 1703 1290 1754 mortuus
1306 1701 1361 1755 est.

343 1803 485 1886 Scriptus
509 1813 556 1866 est
581 1801 633 1864 bic
656 1800 736 1866 liber
759 1803 856 1866 literis
876 1801 1070 1878 acuminatis,
1095 1801 1234 1879 minutis,
1254 1823 1320 1865 non
1337 1801 1525 1879 invenustis;
1549 1803 1640 1870 lineis
1665 1803 1780 1872 divisis.

300 1916 434 1982 Videtur
454 1915 585 2002 oequdis
610 1915 697 1980 libris
719 1916 793 1981 huic
821 1915 977 1982 Coenobio
999 1915 1082 1980 datis
1105 1937 1125 1978 a
1144 1913 1309 1980 Bertramo
1333 1916 1374 1981 de
1392 1915 1584 1995 Middleton,
1610 1919 1664 2005 qui
1690 1920 1782 1986 Prior

298 2029 414 2096 electus
429 2041 476 2094 est
491 2029 573 2094 Am.
592 2035 694 2094 1246:
717 2027 797 2092 adeo
822 2040 856 2092 ut
875 2027 1004 2093 fortasse
1026 2027 1201 2112 descriptus
1222 2027 1316 2093 fuerit
1336 2029 1405 2114 ipso
1429 2028 1591 2114 Stephano
1611 2029 1716 2096 adhuc
1730 2053 1783 2094 su-

299 2141 436 2226 perstite.

343 2252 557 2340 Praeliguntur
570 2252 652 2316 libro
669 2252 872 2318 Praefationes
888 2255 936 2339 (l)
953 2252 1153 2338 Hieronymi,
1171 2255 1219 2338 (2)
1237 2253 1371 2317 Rabuni.

343 2364 524 2450 Sequuntur
540 2363 688 2449 Cupitum
700 2364 903 2452 Singulorum
917 2363 1010 2441 tituli,
1026 2363 1076 2426 vel
1091 2377 1283 2452 argumenta.
1330 2362 1390 2428 Ex.
1406 2385 1454 2451 gr.
1493 2365 1552 2448 (l.)
1563 2371 1584 2406 “
1595 2361 1709 2429 Omnis
1725 2363 1783 2429 Sa-

300 2481 322 2515 “
335 2475 453 2559 pientia
467 2473 639 2538 aDomino
648 2473 722 2539 Deo
737 2487 793 2538 est
839 2478 897 2560 (2.)
915 2476 1044 2540 Initium
1056 2475 1216 2560 sapientiae
1226 2475 1321 2540 timor
1336 2473 1477 2540 Domini.
1524 2476 1582 2558 (8.)
1599 2473 1652 2540 De
1667 2496 1783 2541 concu-

300 2593 321 2626 “
335 2583 486 2669 piscendu
502 2584 671 2668 Sapientid,
688 2597 719 2648 et
734 2584 888 2648 servanda
902 2585 1061 2650 mandata.
1107 2587 1384 2669 [pro-dis-tis.]

298 2704 322 2737 ‘⁶
337 2701 446 2776 [126]
469 2694 582 2760 Oratio
595 2695 673 2761 Jesu
687 2695 743 2780 filij
760 2696 880 2761 Sirach.
926 2699 1028 2782 (127.)
1052 2696 1165 2761 Oratio
1181 2696 1386 2760 Salomonis.’'

341 2806 470 2872 Deinde
491 2807 601 2892 incipit
624 2807 822 2872 Introductio
848 2809 880 2870 in
905 2806 1021 2872 librum
1045 2808 1158 2892 ipsum.
1205 2808 1361 2872 “Summi
1387 2806 1485 2894 Regis
1511 2805 1662 2892 palatium
1684 2808 1718 2872 in
1739 2807 1783 2893 iiij

299 2929 552 2994 consummatur;
567 2917 628 2982 hoc
643 2929 699 2995 est,
715 2919 747 2980 in
761 2918 974 2994 fundamento,
992 2931 1022 2981 et
1036 2919 1217 3002 parietibus,
1234 2931 1326 2994 tecto,
1343 2931 1374 2981 et
1389 2929 1502 2981 ornatu
1517 2918 1687 2982 interiori.''

346 3032 422 3097 Post
437 3029 543 3096 8folia
556 3029 697 3115 sequitur
713 3028 922 3092 Ecclesiastici
940 3029 1114 3114 Expositio,
1128 3029 1178 3092 cui
1193 3029 1368 3115 praefigitur
1383 3028 1452 3092 haec
1462 3041 1547 3106 nota,
1563 3028 1660 3092 literis
1675 3030 1787 3094 minia-

300 3145 351 3222 tis,
367 3166 386 3206 a
400 3164 495 3206 manu
516 3141 636 3226 primd:
662 3149 683 3181 ‘⁴
693 3139 861 3205 Tractatus
876 3140 1009 3206 Domini
1031 3140 1193 3226 Stephani,
1218 3138 1452 3204 Cantuariensis
1468 3138 1718 3224 Archiepiscopi,
1735 3163 1786 3205 su-

301 3277 359 3340 per
375 3251 658 3318 Ecclesiasticum.'’

347 3365 513 3450 Expositio
528 3377 633 3428 autem
648 3363 716 3448 ipsa
730 3364 774 3427 sic
788 3364 916 3450 incipit:

348 3484 369 3516 “
386 3475 462 3540 Hoc
476 3496 592 3538 nomen
608 3473 812 3539 Ecclesiastes
834 3477 1058 3561 interpretatur
1081 3475 1313 3550 Concionator3
1336 3485 1368 3537 et
1387 3472 1520 3538 refertur
1534 3474 1586 3538 ille
1601 3474 1681 3538 liber
1697 3476 1787 3542 Salo·

305 3595 326 3630 “
341 3588 442 3650 monis
457 3586 498 3650 ad
513 3587 591 3651 Drir.
638 3585 713 3650 Hoc
729 3599 833 3651 autem
842 3609 958 3651 nomen
974 3587 1211 3652 Ecclesiasticus
1222 3589 1444 3672 interpretatur
1454 3587 1623 3667 Collector,
1639 3588 1689 3652 vel
1702 3586 1788 3654 Con-

306 3706 327 3740 ‘⁴
340 3709 487 3786 gregator
495 3721 504 3773 ;
520 3695 638 3760 idcirco
651 3696 731 3761 liber
745 3697 803 3762 iste
818 3697 951 3762 refertur
965 3696 1006 3762 ad
1020 3697 1274 3782 praedicantem.''

350 3809 402 3873 Sic
416 3807 548 3871 desinit:

350 3928 371 3960 “
388 3919 534 4008 Egressae
546 3929 619 3981 sunt
630 3940 750 4004 aquoee
763 3919 948 3984 Sanctuario
959 3941 979 3982 a
989 3920 1111 3983 tumulo
1122 3919 1222 3982 sabuli
1231 3919 1400 3982 orientalis.
1432 3919 1617 3982 Peccatores
1627 3941 1685 4005 per
1696 3921 1788 3986 sabu-

306 4041 327 4072 “
342 4031 409 4094 lum
418 4030 623 4116 designantur
634 4029 687 4115 qui
696 4041 770 4094 sunt
780 4029 812 4092 in
823 4052 918 4116 opere
933 4029 1062 4108 steriles,
1079 4031 1152 4094 licet
1165 4029 1355 4116 quandoque
1370 4029 1432 4092 sint
1442 4051 1499 4113 per
1518 4027 1689 4113 hipocrisin
1705 4053 1790 4095 aom-

306 4151 328 4183 “
342 4142 471 4227 planati.
503 4139 600 4205 Unde
612 4140 721 4206 Draco
732 4142 852 4205 stetisse
862 4141 976 4229 legitur
986 4164 1079 4226 super
1090 4141 1250 4204 harenam.
1278 4140 1437 4225 Antiquus
1449 4141 1535 4204 enim
1545 4139 1645 4205 hostis
1656 4141 1709 4206 ille
1720 4165 1789 4207 ves·
1811 4139 1815 4150 ’

307 4264 328 4295 “
342 4255 420 4341 tigia
434 4275 490 4316 sue
504 4252 665 4338 pravitatis
679 4253 839 4338 imprimit,
856 4254 909 4339 qui
924 4275 982 4338 per
996 4253 1188 4318 sterilitatem
1200 4251 1303 4336 operis
1319 4251 1428 4315 sabulo
1443 4264 1675 4336 comparantur.
1721 4255 1791 4343 sig-

308 4374 329 4406 “
342 4364 489 4430 nificatur
503 4386 579 4452 ergo
593 4386 651 4449 per
665 4365 826 4428 cumulum
840 4364 942 4428 sabuli
956 4365 1158 4453 congregatio
1172 4365 1403 4448 peccatorum.”

352 4478 510 4542 Caeterum
533 4477 620 4540 locus
635 4477 689 4563 qui
710 4475 762 4540 hic
777 4475 962 4562 explicatur,
984 4498 1049 4539 non
1065 4476 1097 4538 in
1114 4475 1334 4540 Ecclesiastico
1348 4475 1473 4561 legitur,
1497 4475 1600 4540 sedin
1616 4475 1790 4544 Ezechielis

309 4589 420 4673 Capite
435 4595 488 4666 47,
510 4609 590 4652 vers.
614 4597 633 4652 8
656 4595 754 4652 et12.
801 4587 865 4653 Sed
886 4588 919 4650 in
939 4599 1006 4652 tota
1027 4586 1088 4651 hoc
1110 4587 1192 4651 libro
1213 4585 1390 4673 frequentes
1412 4599 1486 4650 sunt
1507 4609 1544 4650 ac
1558 4609 1643 4673 sape
1657 4589 1791 4674 prolixae

310 4700 527 4788 digressiones·
573 4697 686 4786 Neque
700 4699 770 4764 haec
783 4699 939 4784 expositio
953 4697 994 4762 ad
1009 4698 1105 4762 finem
1119 4698 1272 4784 perducta
1285 4696 1417 4762 videtur.

352 4811 391 4875 In
416 4809 519 4874 fronte
533 4810 605 4875 libri
626 4823 703 4875 nota
723 4810 793 4875 haec
814 4809 1002 4874 adscribitur
1023 4810 1119 4874 literis
1141 4811 1311 4896 majoribus
1334 4835 1354 4876 a
1374 4834 1470 4876 manu
1485 4813 1632 4900 antiqua:
1658 4813 1789 4880 “Liber

310 4932 330 4966 ‘⁶
347 4921 455 4987 Ecclie
479 4922 532 4986 sei
558 4921 689 4986 Cuthbti
712 4921 761 4985 coi
782 4921 950 4986 armariolo
975 4912 1083 4986 avent9
1106 4921 1249 4988 Dunelfr‘r
1271 4923 1304 4986 in
1329 4928 1448 5012 ppetuir
1470 4915 1624 5014 assigna?
1646 4947 1688 4989 ex
1704 4926 1792 4990 dono

310 5042 333 5076 ‘⁶
347 5027 589 5100 EfisGodfredi
603 5033 644 5098 de
660 5033 805 5120 Kyppier
818 5023 854 5099 0⁹
869 5037 919 5099 aie
933 5034 1061 5119 ppiciet'
1083 5033 1144 5098 D’s
1160 5035 1254 5098 Affi.'’

354 5145 428 5211 Fuit
441 5146 493 5210 hic
510 5145 621 5211 Frater
637 5145 830 5212 Godefridus
845 5145 886 5210 de
903 5145 1047 5232 Kyppier
1063 5168 1143 5210 unus
1159 5169 1176 5210 e
1193 5145 1363 5212 Monachis
1379 5151 1427 5232 (ut
1442 5147 1578 5230 videtur)
1594 5147 1791 5213 Dunelmen·

309 5259 413 5323 sibus:
436 5257 564 5345 quando
579 5268 683 5322 autem
698 5258 813 5322 vixerit
826 5258 942 5322 nescio.

226 5527 283 5602 29·
314 5519 470 5595 OMELIE
488 5541 733 5594 nrvltasouurt
752 5541 869 5592 SUPER
886 5542 1046 5592 DIVERSA
1066 5517 1301 5590 Evnucumn.

355 5667 422 5732 Hic
437 5667 545 5732 titulus
560 5691 580 5730 a
593 5687 690 5729 manu
705 5666 877 5730 recentiore
892 5665 1079 5728 adscribitur
1094 5665 1127 5726 in
1141 5663 1204 5729 imai
1218 5676 1308 5750 parte
1322 5663 1386 5753 folij
1405 5662 1467 5728 1⁰¹³.

355 5779 495 5843 Exhibet
516 5778 569 5842 hic
593 5777 706 5843 Codex
732 5777 860 5841 Petrum
885 5775 1081 5839 diversorum
1104 5773 1264 5840 Homilias
1282 5776 1315 5839 in
1337 5775 1510 5866 Evangelia
1531 5775 1752 5858 Dominicada,
1776 5803 1796 5844 a

314 5890 466 5956 Paschate
481 5890 522 5954 ad
542 5898 618 5955 25⁸¹*
633 5887 835 5954 Dominicam
856 5900 928 5973 post
945 5887 1169 5953 Pentecosten:
1193 5901 1225 5953 et
1241 5888 1416 5966 Festivalia,
1439 5912 1459 5952 a
1481 5889 1587 5956 Natali
1612 5891 1751 5979 Philippi
1765 5905 1797 5961 ct

310 6002 432 6079 Jacobi,
449 6001 490 6066 ad
507 6000 652 6066 Natalem
668 5999 803 6066 Thomoe
819 5999 975 6085 Apostoli.
999 5999 1042 6064 Et
1055 6000 1161 6084 plnres
1176 6000 1270 6066 etiam
1286 5999 1431 6066 habuisse
1446 5999 1589 6068 videtur:
1605 6015 1652 6070 est
1666 6003 1749 6072 enim
1764 6014 1796 6070 et

310 6115 343 6178 in
358 6114 432 6192 fine,
448 6113 526 6177 etin
541 6113 646 6178 medio
661 6113 764 6190 etiam,
781 6111 990 6198 imperfectus.

1012 6243 1040 6286 m
