4634 7874
833 1081 1021 1136 EGGLESIAE
1038 1081 1316 1138 nummata

38 1505 245 1644 ffitlffi
261 1519 343 1588 101.
364 1508 560 1610 Reginaldi
591 1507 768 1593 Monachi
786 1507 1046 1584 Dunelmensis
1073 1507 1236 1584 Libellus
1260 1506 1490 1607 Autograph.
1517 1506 1564 1582 de
1593 1508 1815 1585 admirandis

79 1649 205 1690 001410-
367 1635 470 1710 Beati
490 1633 683 1709 Cuthbcrti
700 1633 908 1708 Virtutibus
926 1659 1009 1733 quae
1034 1634 1187 1709 novellis
1211 1645 1363 1732 patratae
1385 1645 1471 1707 sunt
1486 1635 1722 1733 temporibus,
1748 1637 1816 1711 sci-

362 1759 450 1834 licet
466 1771 549 1858 post
562 1757 725 1850 Banau3
746 1760 901 1857 scriptus
914 1758 962 1832 ad
979 1757 1263 1834 AEtheldredum
1282 1757 1467 1832 Abbatem
1486 1755 1793 1836 Rhievallensem.

399 1929 523 1995 Floruit
546 1929 741 2018 Reginaldus
764 1931 861 1996 Anno
887 1939 969 1998 1168
992 1942 1088 2016 prout
1108 1941 1195 2016 patet
1219 1952 1261 1994 ex
1281 1930 1351 2016 ipso
1372 1929 1455 1994 libro
1475 1953 1549 2020 pag.
1572 1939 1646 2000 805.
1704 1932 1746 1997 R.
1763 1932 1810 1998 H.

355 2043 530 2132 (Robertus
547 2041 717 2121 Harrison,
736 2041 948 2127 Philosophus
964 2041 1129 2126 Dunelm.)

403 2181 553 2246 Continet
567 2185 622 2266 (ex
638 2179 747 2245 Indice
763 2179 915 2258 Hunteri,
931 2179 1036 2268 quoad
1051 2179 1179 2244 nomina
1193 2179 1333 2243 virorum
1348 2190 1379 2242 et
1394 2178 1535 2249 locorum
1551 2179 1710 2263 marimo),

383 2325 411 2384 l.
436 2315 578 2403 Epistola
595 2315 764 2404 Reginaldi
780 2313 934 2380 Monachi
949 2315 1175 2381 Dunelmensis
1197 2315 1238 2380 ad
1260 2314 1436 2379 Dominum
1459 2313 1682 2380 AEthelredum
1700 2316 1808 2382 Abba·

436 2442 500 2494 tem
516 2427 667 2494 Ecclesiae
685 2429 890 2494 Rievallensis
905 2429 1033 2494 directa.
1077 2451 1109 2515 p.
1128 2439 1156 2493 1.

380 2575 411 2632 8.
437 2563 640 2630 Prohemium
667 2565 699 2627 in
725 2565 967 2652 subsequentem
990 2565 1148 2628 Libellum
1169 2563 1209 2628 de
1233 2563 1411 2628 Virtutibus
1438 2575 1469 2628 et
1496 2563 1661 2630 Miraculis
1682 2566 1812 2653 gloriosi

437 2675 605 2742 Cuthberti
622 2675 794 2754 Pontificis,
811 2699 882 2764 quae
897 2675 1012 2740 nostris
1028 2675 1223 2760 temporibus
1238 2687 1325 2762 gesta
1340 2675 1474 2740 vidimus
1490 2679 1519 2742 bt
1535 2675 1615 2742 sacta
1630 2677 1723 2740 luisse
1738 2700 1813 2766 cog·

435 2791 589 2854 novimus.
634 2811 665 2874 p.
682 2797 713 2853 4.

383 2940 413 2996 8.
436 2927 600 2994 Exultatio
617 2927 785 3014 Scriptoris
809 2927 1017 3014 Apologeticn
1040 2927 1081 2992 ad
1103 2929 1152 2990 sui
1174 2928 1407 2992 excusationem
1431 2929 1463 2990 iu
1486 2951 1619 3014 sequens
1634 2951 1714 3014 opus
1727 2951 1810 3014 prm·

436 3039 541 3116 missa,
565 3062 605 3104 ne
622 3039 743 3122 ¹Lector
760 3038 950 3123 Scriptorem
974 3038 1128 3124 vituperet
1149 3060 1222 3102 cum
1244 3037 1342 3124 polita
1357 3038 1453 3102 verba
1473 3038 1504 3102 in
1527 3062 1565 3102 co
1588 3041 1727 3104 invenire
1749 3063 1813 3103 non

437 3152 549 3218 valeat.
592 3173 624 3236 p.
642 3161 672 3218 9.

382 3298 413 3352 4.
438 3287 549 3352 Sermo
563 3285 604 3350 de
620 3286 808 3352 Sanctorum
824 3283 1117 3348 Tabernaculorum
1131 3283 1273 3348 discretis
1288 3283 1466 3370 generibus.
1511 3305 1542 3368 p.
1562 3293 1611 3348 ll.

380 3431 410 3489 5.
435 3421 487 3486 De
502 3420 710 3508 quadrimodi
727 3419 1020 3486 Tabernaculorum
1036 3417 1236 3485 Discretione
1252 3421 1280 3484 bt
1298 3418 1453 3484 Potentii.
1497 3441 1528 3504 p.
1550 3427 1599 3484 14.

379 3566 411 3624 6.
435 3557 517 3622 Item
531 3557 571 3621 de
586 3569 722 3644 quatuor
737 3555 965 3621 Tabernaculis
981 3553 1049 3619 aliis
1064 3555 1266 3640 spiritualiter
1281 3555 1488 3640 acquirendis.
1535 3578 1565 3640 p.
1586 3565 1634 3621 15.

381 3699 411 3761 7.
436 3691 607 3768 Quomodo
622 3705 758 3778 quatuor
771 3690 983 3776 praecedentia
998 3689 1056 3753 sub
1072 3689 1259 3754 discretione
1278 3689 1399 3753 occulti
1415 3690 1474 3753 sibi
1490 3691 1551 3754 sint
1573 3693 1682 3770 amica,
1700 3695 1817 3760 consoe·

437 3803 630 3868 demtionem
645 3801 873 3888 participantia.
917 3823 949 3886 p.
969 3809 1018 3868 15.

381 3951 411 4007 8.
435 3941 488 4007 Dc
504 3940 725 4006 Taberneculo
742 3941 887 4006 Carnalis
904 3940 1176 4024 Concupiscentiae
1199 3939 1260 4026 qud
1276 3939 1474 4024 proprietatis
1496 3941 1610 4006 astutia
1628 3945 1818 4028 respondeat

437 4053 625 4118 adversariae
640 4051 796 4138 Virginali
811 4049 971 4114 domicilio
984 4049 1155 4136 pudicitiae.
1199 4071 1231 4136 p.
1251 4058 1300 4116 16.

383 4199 413 4255 9.
437 4188 609 4265 Quomodo
624 4187 772 4276 confligat
788 4186 968 4272 Spiritus&
985 4185 1098 4251 Carnis
1114 4185 1294 4271 Appetitas,
1316 4197 1347 4250 et
1363 4186 1415 4250 ubi
1434 4187 1596 4272 Scriptura
1611 4211 1665 4254 eos
1686 4213 1744 4276 per
1758 4192 1779 4258 J
1782 4217 1817 4258 u-

438 4299 513 4364 dicii
527 4299 680 4364 rationem
696 4299 881 4384 comprobet
894 4310 927 4362 et
940 4297 1142 4384 dijudicando
1156 4297 1337 4385 distinguat.
1381 4320 1413 4382 p.
1433 4307 1482 4366 17.

362 4445 412 4504 10.
437 4435 608 4512 Quomodo
623 4434 845 4500 Tabernacula
860 4434 994 4500 Domini
1016 4435 1079 4499 sint
1093 4433 1207 4499 dilecta
1228 4447 1260 4498 et
1282 4433 1346 4498 Dei
1363 4433 1485 4500 Sanctis
1502 4437 1818 4526 revelata-Recepi·

438 4551 548 4617 tulatio
563 4552 675 4618 brevis.
718 4575 751 4638 p.
770 4560 819 4617 18.

362 4695 411 4751 11.
653 4685 769 4770 Incipit
785 4684 928 4750 Libellus
943 4681 984 4749 de
1000 4683 1205 4748 Admirandis
1223 4685 1330 4749 Bnam

654 4798 858 4862 Curunsarr
875 4795 1040 4861 virtutibus
1056 4795 1216 4884 quomodo

654 4908 786 4973 novellis
799 4919 932 4994 patratae
947 4919 1020 4972 sunt
1034 4907 1237 4993 temporibus.
1281 4929 1313 4991 p.
1334 4915 1382 4972 19.

364 5051 412 5109 18.
437 5043 618 5122 Quomodo,
647 5045 742 5108 Antio
763 5044 861 5108 Dom.
886 5050 960 5128 815,
986 5041 1156 5108 Monachis
1180 5041 1354 5106 Ecclesiam
1378 5039 1666 5115 Lindisfarnensem
1688 5061 1818 5135 propter

438 5157 583 5221 timorem
598 5155 767 5220 Danorum
782 5154 1008 5233 deserentibus,
1024 5155 1119 5220 maris
1133 5153 1298 5240 plenitudo
1313 5153 1449 5218 venienti
1463 5153 1560 5239 ipsius
1574 5157 1709 5244 Corpori
1721 5162 1818 5228 Sanc.

439 5269 559 5332 tissimo
573 5268 711 5346 cesserit,
727 5279 760 5332 et
774 5268 871 5334 siccas
886 5268 1020 5334 harenas
1035 5267 1154 5354 populo
1169 5268 1342 5332 transeunti
1362 5268 1526 5346 remiserit,
1543 5281 1574 5334 et
1589 5271 1702 5358 quibus
1720 5275 1817 5341 Sanc-

439 5391 544 5444 torum
560 5378 776 5444 consimilatur
790 5379 867 5446 dum
883 5379 998 5444 talibus
1013 5379 1170 5466 preconiis
1185 5377 1359 5443 honorifice
1374 5378 1560 5444 declaratur.
1606 5403 1637 5465 p.
1657 5393 1706 5449 19.

365 5522 414 5580 18.
437 5513 490 5580 De
507 5515 633 5580 Clerico
647 5515 702 5602 qui
723 5515 765 5579 ad
789 5514 953 5580 Tumbam
977 5515 1011 5580 S.
1033 5513 1200 5580 Cuthberti
1223 5513 1373 5602 confugit,
1401 5515 1455 5600 qui
1477 5515 1583 5580 omnia
1604 5539 1676 5604 quse
1694 5520 1819 5607 Pyratae

440 5625 587 5692 dicebant
600 5639 633 5692 et
646 5625 750 5693 facere
763 5627 990 5692 minitabantur
1010 5625 1089 5690 vidit
1103 5637 1135 5690 et
1149 5625 1276 5704 audivit,
1300 5625 1367 5710 ipse
1381 5637 1486 5690 tamen
1510 5626 1550 5690 ab
1572 5628 1617 5692 eis
1638 5630 1738 5696 videri
1759 5657 1818 5701 nec

440 5738 549 5802 sentiri
562 5739 673 5824 potuit.
718 5759 750 5824 p.
767 5747 820 5804 88.
1766 5733 1769 5740 ’

365 5881 414 5940 14.
438 5873 536 5952 Quod
553 5875 678 5961 Corpus
694 5873 785 5941 Beati
802 5873 970 5940 Cuthberti
990 5873 1023 5936 in
1039 5869 1265 5938 Tabemaculis
1286 5891 1344 5958 per
1365 5893 1465 5936 annos
1487 5885 1606 5960 septem
1621 5875 1816 5962 habitaverit,

441 6000 473 6052 et
486 5989 519 6052 in
533 5987 672 6055 humeris
697 5989 866 6055 Servorum
888 6000 1117 6074 comportatum
1133 5983 1235 6066 luerit,
1259 5999 1291 6052 et
1304 6009 1400 6074 quam
1418 5985 1522 6053 felices
1544 5987 1626 6054 illius
1644 5991 1817 6064 Portitores

443 6101 617 6168 exstiterint
631 6101 685 6190 qui
700 6115 764 6166 tam
780 6101 860 6168 sacri
873 6099 1005 6188 hospitis
1021 6097 1326 6188 transmeasse
1339 6101 1519 6168 meruerint.
1563 6124 1596 6190 p.
1612 6109 1665 6172 84.
