4650 7852
780 1129 966 1186 coensem
990 1131 1264 1188 nmmrrmrrn.
1711 1117 1761 1200 97

205 1306 450 1393 [nonnum
474 1303 705 1389 prrsum]
1076 1271 1399 1378 nominnmr
1422 1303 1672 1378 ermricus

1130 1425 1340 1476 EVANGELIJ
1434 1422 1609 1476 HOMILIAE

322 1490 467 1542 FESTUM
485 1490 535 1540 ET
551 1487 706 1540 INI'I'IUM
724 1487 908 1542 HOMILIAE.
1157 1491 1302 1542 anrlo.
1449 1488 1605 1542 AUCTOR.
1679 1508 1758 1543 rouo.

96 1605 128 1684 Β,
144 1604 188 1680 ΙΙ.
205 1613 239 1682 Q,
290 1603 523 1671 Homiiiaalia:
1141 1607 1233 1672 Joan.
1250 1616 1279 1672 8.
1295 1581 1359 1672 46.Δ
1416 1607 1589 1695 Gregorius
1688 1615 1761 1674 158.

103 1703 175 1748 ΝΜΟ·
335 1726 357 1761 “
372 1719 505 1783 Pensate
518 1716 584 1782 fies
598 1718 664 1782 mni
679 1719 937 1785 mansuetudini?

292 1855 330 1919 In
345 1852 510 1917 traditione
521 1852 678 1939 symboli:
696 1853 861 1940 Expositio
874 1854 970 1940 ejusd.
1418 1849 1580 1919 Maximus
1689 1863 1762 1920 160.

334 1973 356 2006 ⁶⁶
371 1963 453 2029 Cum
467 1963 551 2048 apud
568 1963 678 2028 Patres
693 1975 816 2029 nostros
831 1965 929 2029 sicut”

290 2099 459 2168 Dominica
474 2097 674 2164 Palmnrum:
1422 2095 1513 2166 Idem
1692 2111 1764 2170 163.

336 2219 357 2254 ⁶⁶
373 2209 490 2276 Psalmi
504 2217 556 2289 21,
572 2211 627 2298 qui
640 2209 738 2275 lectus
754 2229 801 2276 est
814 2211 945 2276 seriem”

292 2345 529 2414 Homiliaalia:
1418 2341 1508 2411 Beda
1693 2353 1764 2410 164.

336 2465 358 2500 ⁶⁶
374 2455 534 2521 Mediator
548 2455 612 2521 Dei
626 2467 658 2521 et
670 2455 853 2520 hominum'’

293 2589 529 2656 Homiliaalie:
1418 2589 1508 2656 Idem
1693 2598 1763 2660 167.

336 2713 358 2745 “
374 2701 478 2767 Moris
492 2725 558 2767 esse
572 2701 774 2787 prudentium
784 2702 880 2764 solet’'

292 2837 386 2902 Feria
400 2837 507 2902 tertie:
531 2837 570 2900 de
588 2837 737 2900 Passione
751 2837 904 2900 Domini:
1424 2837 1493 2903 Leo
1696 2845 1767 2908 170,

336 2957 357 2990 ⁶⁶
373 2947 521 3014 Gloriosa
535 2947 725 3012 dilectissimi
741 2946 937 3012 Dominicae”
1294 2951 1296 2958 ⁶

294 3081 530 3151 Homiliaalia:
1422 3081 1513 3147 Idem

336 3203 358 3237 ‘⁶
374 3195 502 3260 Sacram
515 3191 706 3257 dilectissimi
720 3191 898 3258 Dominicae
911 3195 996 3277 pas.'’

294 3329 466 3396 Sabbatum
483 3329 651 3394 Sanctum:
1420 3325 1511 3391 Idem

338 3447 360 3482 ‘⁶
375 3439 492 3504 Totum
508 3437 635 3525 quidem
650 3435 782 3501 dilectss¹
796 3436 962 3521 paschnld’

296 3574 529 3640 Homiliaalie:
858 3583 862 3594 '
1422 3572 1512 3636 Idem

338 3693 359 3727 ⁶⁶
375 3687 558 3751 Sermonem
574 3683 717 3748 dilectiss*
733 3683 772 3746 de
787 3682 942 3770 gloriosd'’

295 3819 387 3885 Feria
401 3831 528 3906 quarta:
551 3819 592 3882 de
608 3818 758 3882 Passione
772 3817 923 3882 Domini:
1427 3817 1518 3881 Idem

338 3941 359 3973 ⁶⁶
377 3932 613 3996 Sacramentum
628 3929 770 3992 dilectiss*
787 3927 967 3992 Dominicae
981 3929 1033 4012 p.”

296 4067 441 4132 Homilia
455 4065 534 4129 alia:
1288 4075 1290 4084 ’
1427 4063 1518 4128 Idem

342 4186 363 4219 ⁶⁶
380 4177 463 4242 Cum
478 4175 583 4240 multis
598 4175 699 4239 modis
713 4174 924 4239 dilectissimi”

297 4315 336 4379 In
353 4311 441 4378 Cena
455 4311 606 4375 Domini:
1428 4305 1519 4374 Idem

342 4431 363 4466 ⁶⁶
380 4423 453 4489 Scio
468 4421 594 4508 quidem
609 4420 752 4486 dilectiss¹
770 4419 921 4486 Paschale
936 4420 1035 4486 festi1”

302 4559 443 4625 Homilia
456 4557 536 4628 alia:
1154 4555 1359 4623 Joan.13.1.
1430 4555 1519 4624 Beda

342 4680 364 4714 ⁶⁶
380 4671 559 4756 Scripturue
576 4667 777 4756 Evangelista
790 4667 947 4734 Ioannes''
