4634 7874
801 1119 1286 1176 accessrnnomsnususrs.
1721 1107 1791 1174 411

32 1249 230 1399 ffibbii'l
237 1329 299 1401 01.
313 1329 385 1390 185.
412 1320 561 1400 Qualiter
575 1319 677 1386 filium
699 1321 833 1410 predicti
850 1323 963 1390 Militis
977 1323 1018 1388 de
1032 1333 1135 1388 morte
1148 1321 1337 1400 liberaverit,
1362 1335 1393 1384 et
1407 1320 1485 1411 vitae·
1494 1321 1663 1401 redditum,
1687 1345 1799 1388 sarsum

46 1391 198 1444 mmm
412 1433 561 1500 effecerit.
607 1435 710 1520 (820.)

315 1583 387 1642 186.
411 1571 557 1651 Qualiter
571 1572 628 1638 nix
641 1585 741 1638 totam
757 1571 933 1662 Regionem
949 1573 1083 1660 operuit,
1099 1573 1154 1638 sed
1169 1595 1265 1659 anper
1278 1573 1432 1658 populum
1448 1573 1481 1636 in
1498 1571 1628 1658 Capelld
1646 1574 1678 1638 S.
1697 1573 1798 1640 Cuth·

409 1685 491 1750 berti
505 1695 742 1770 pernoctantem
757 1705 817 1748 nec
832 1696 1002 1772 unagutta
1014 1683 1088 1750 licet
1101 1682 1210 1748 fuisset
1219 1683 1427 1768 discooperta,
1443 1681 1570 1747 decidit.
1607 1683 1737 1748 Factum
1753 1697 1801 1749 est

409 1793 472 1862 hoc
495 1794 682 1862 miraculum
703 1795 737 1858 in
754 1795 886 1882 Capella
907 1795 947 1860 ab
969 1796 1098 1884 antiquo
1120 1797 1153 1859 in
1175 1794 1346 1881 provincii,
1370 1817 1442 1881 quae
1458 1793 1660 1860 Tevietedale
1674 1795 1800 1875 dicitur,

332 1981 334 1986 ¹
411 1905 551 1985 fundatd,
561 1907 616 1993 qui
630 1906 720 1972 locus
731 1906 876 1992 apisooi
884 1905 1024 1972 fluminis
1037 1906 1206 1984 vicinitate,
1219 1905 1305 1992 quod
1317 1927 1406 1970 secus
1417 1903 1507 1970 illum
1522 1907 1554 1970 in
1569 1908 1716 1992 proximo
1729 1929 1803 1993 pre-

410 2017 530 2084 terfluit
546 2016 667 2084 Slitrith
679 2039 796 2082 nomen
810 2017 941 2103 accepit,
965 2040 1037 2103 quae
1052 2016 1189 2081 matricis
1206 2015 1367 2095 Ecclesiae,
1386 2016 1523 2082 Cereres
1537 2031 1666 2096 vocata,
1682 2019 1803 2104 capella

412 2129 528 2194 existit.
599 2129 741 2196 Persona
761 2128 892 2215 prelatas
916 2128 1067 2194 Ecclesiae
1096 2128 1258 2208 Dollinus,
1300 2129 1374 2193 satis
1411 2130 1444 2193 in
1469 2128 1585 2194 finibus
1610 2129 1671 2195 illis
1696 2146 1801 2197 notus.

413 2243 516 2328 (821.)

292 2379 387 2446 *lta
411 2376 566 2456 Qualiter,
583 2377 729 2442 extinctis
743 2375 890 2442 omnibus
905 2377 939 2441 in
956 2375 1085 2462 Capelld
1102 2376 1280 2462 supradictd
1296 2377 1446 2456 candelis,
1460 2399 1574 2442 novam
1592 2379 1625 2444 S.
1640 2379 1801 2444 Cuthber-

410 2502 461 2554 tus
476 2509 571 2574 super
584 2487 683 2552 altare
708 2488 874 2572 perurerit,
898 2499 929 2552 et
950 2510 1114 2552 accensam
1136 2487 1324 2552 exhibuerit
1370 2488 1482 2554 Testes
1505 2489 1578 2554 duae
1601 2490 1746 2554 mulieres
1762 2489 1802 2555 de

412 2597 485 2666 ville
501 2597 638 2686 quadam
654 2596 791 2663 Hawich
814 2597 898 2663 diest
921 2596 1038 2662 ibidem
1060 2610 1197 2676 orantes,
1225 2621 1358 2685 quarum
1381 2601 1509 2664 nomina
1533 2601 1657 2688 Seigiva
1672 2615 1704 2665 01
1721 2601 1803 2666 Ros-

414 2707 519 2776 fritha.
564 2709 667 2796 (828.)

319 2852 391 2918 187.
414 2845 468 2912 Ι)0
489 2843 622 2911 muliere
642 2845 675 2910 in
690 2845 801 2912 eadem
822 2845 984 2932 provincial
1007 2868 1064 2932 per
1087 2846 1310 2932 septemdecim
1325 2867 1424 2912 annos
1447 2847 1573 2926 inflata;
1594 2849 1754 2936 quomodo
1771 2853 1804 2918 S.

415 2956 610 3022 Cutlrbertus
625 2979 695 3022 eam
718 2958 847 3044 cuspide
870 2957 974 3024 baculi
996 2959 1044 3024 sui
1066 2960 1256 3044 percusserit
1270 2970 1302 3024 et
1323 2959 1487 3024 sanaverit.
1534 2959 1639 3026 Testis
1654 2962 1805 3028 Dolfinus

415 3069 624 3155 supradictus.
681 3068 803 3136 Mulier
817 3069 887 3134 haec
908 3071 941 3134 in
956 3069 1053 3135 domo
1077 3068 1210 3134 Abbatis
1233 3069 1272 3136 de
1288 3069 1448 3135 Jedwrthe
1471 3092 1546 3136 sana
1561 3083 1593 3136 et
1606 3094 1713 3158 sospes
1729 3097 1805 3140 con·

415 3194 570 3260 versatur,
586 3203 658 3270 quae
673 3181 706 3244 in
721 3181 827 3246 butiro
841 3193 873 3248 et
888 3183 985 3248 caseis
1000 3181 1041 3246 de
1051 3181 1140 3246 lactis
1155 3181 1248 3268 adipe
1263 3181 1465 3248 conficiendis
1481 3183 1510 3247 ei
1524 3196 1557 3247 et
1570 3185 1634 3249 suis
1649 3185 1801 3253 hactenus

418 3291 601 3358 &miliarina
617 3292 793 3358 famulatur.
840 3295 943 3378 (825.)

322 3435 394 3494 188.
418 3425 565 3503 Qualiter
579 3427 612 3491 in
626 3427 770 3513 predicto
784 3427 943 3492 territorio
953 3427 1038 3513 Lupi
1053 3441 1172 3514 septem
1184 3449 1258 3492 oves
1269 3385 1383 3492 Vidute
1398 3429 1562 3514 cujusdam
1578 3431 1609 3494 in
1627 3431 1801 3518 Cymiterio

419 3543 452 3610 S.
470 3541 641 3608 Cuthberti
652 3543 769 3608 laedere
784 3565 849 3608 non
863 3543 1035 3628 potuerint.
1081 3545 1183 3628 (826.)

322 3689 394 3747 189.
418 3677 592 3756 Quomodo
605 3678 718 3744 mulier
732 3679 766 3742 in
789 3678 862 3742 villa
884 3701 955 3766 quae
979 3679 1174 3764 Rapereslau
1189 3678 1304 3744 dicitur
1318 3679 1359 3744 ad
1381 3679 1554 3765 predictam
1571 3682 1735 3766 Capellam
1750 3684 1805 3750 de-

417 3802 543 3876 portata
555 3812 613 3876 per
630 3791 663 3856 S.
681 3789 893 3854 Cuthbertum
907 3803 986 3855 teste
1002 3790 1135 3854 Dolfino
1149 3790 1330 3876 supradicto
1345 3803 1453 3858 sanata
1467 3793 1516 3857 sit.
1562 3797 1666 3879 (827.)

322 3935 395 3994 llo.
419 3925 615 3991 erlielmus
631 3925 705 3991 Rex
729 3927 909 3992 Scottorum
930 3924 1009 3990 fines
1025 3925 1265 3990 Northumbriae
1286 3926 1464 3993 flammis&
1486 3928 1648 3995 firneribus
1663 3930 1806 4018 depopu-

415 4038 495 4117 lans,
521 4037 722 4126 quidamvir,
750 4037 852 4128 Hugo
868 4037 1024 4127 Flamang
1038 4049 1176 4116 vocatus,
1198 4037 1314 4104 relictis
1336 4051 1408 4124 post
1423 4062 1456 4103 se
1478 4039 1593 4106 divitiis
1608 4042 1640 4105 in
1657 4041 1805 4112 Maltune

416 4172 488 4237 quae
503 4172 593 4214 secus
609 4148 791 4214 Eboracum
805 4149 865 4214 sita
879 4161 936 4228 est,
948 4147 1125 4214 Laudoniae
1140 4147 1219 4213 fines
1234 4148 1321 4228 adiit,
1338 4151 1412 4237 quia
1425 4151 1498 4216 vitae
1513 4175 1580 4218 suae
1592 4155 1805 4243 potiusquam

416 4261 560 4348 pecuniae
574 4261 803 4328 consulendum
824 4261 955 4348 putavit.
1002 4259 1175 4338 Quomodo
1198 4261 1231 4326 S.
1249 4259 1444 4326 Cuthbertns
1466 4262 1552 4328 hunc
1574 4263 1745 4348 edocuerit,
1769 4279 1805 4334 ut

409 4385 539 4461 sumpto
553 4395 661 4440 secum
675 4393 786 4439 musco
799 4393 858 4459 per
872 4371 1013 4438 medium
1027 4370 1167 4437 hostium
1182 4393 1312 4437 suorum
1324 4373 1480 4440 evaderet.
1527 4377 1629 4459 (828.)

224 4670 307 4741 102.
335 4661 374 4736 A
391 4660 597 4737 Collection
611 4657 658 4734 of
671 4657 861 4749 Homilies,
880 4661 1026 4735 written
1047 4658 1261 4759 apparently
1277 4661 1315 4734 in
1333 4659 1396 4736 the
1409 4657 1619 4738 fourteenth
1638 4664 1803 4766 Century

336 4784 579 4886 -imperfect
594 4785 633 4858 in
650 4783 713 4858 the
730 4784 933 4882 beginning
949 4783 1022 4857 and
1039 4782 1123 4857 end.

225 5091 309 5163 108.
339 5082 515 5160 Manuale
533 5081 755 5157 Romanum.
806 5079 871 5154 An
887 5079 1082 5180 imperfect
1098 5078 1331 5181 Manuacript
1347 5080 1474 5158 Ritual
1491 5082 1536 5157 of
1553 5082 1617 5158 the
1633 5081 1801 5160 fisteenth

339 5209 517 5309 Century.

223 5517 308 5590 101.
334 5508 373 5583 Α
384 5507 490 5583 Book
500 5529 600 5607 upon
614 5504 775 5596 Vellum,
794 5505 840 5582 of
850 5505 1046 5606 Examples
1063 5487 1181 5581 under
1198 5503 1365 5580 different
1376 5503 1504 5582 Heads
1520 5507 1566 5581 of
1577 5507 1708 5582 Virtue
1725 5507 1798 5582 and

338 5633 444 5708 Viee.
1526 5688 1528 5692 ,

219 5919 302 5988 105.
332 5919 361 5978 1.
383 5909 572 5976 Discourses
587 5927 673 5994 upon
688 5905 793 5972 divine
809 5905 963 5994 Subjeots,
978 5903 1153 5996 beginning
1166 5905 1241 5972 with
1258 5903 1413 5972 Remarka
1428 5927 1515 5992 upon
1529 5903 1584 5972 1110
1600 5905 1761 5972 Creation.

333 6053 364 6111 2.
387 6044 486 6110 Liber
499 6043 602 6122 Jonoe,
617 6041 704 6107 horis
719 6043 845 6124 vacivis,
861 6041 1052 6110 carminibus
1069 6041 1274 6110 Hexametris
1289 6065 1308 6108 a
1322 6064 1374 6109 me
1388 6041 1533 6142 donatus.
1566 6041 1607 6110 T.
1619 6041 1664 6109 D.
1701 6049 1796 6111 1612.

392 6156 491 6224 Liber
505 6155 642 6224 Thomas
658 6155 779 6223 Dixon.
