4650 7852
1031 1070 1190 1128 CODICES
1215 1069 1473 1125 MANUSCBml

274 1471 319 1548 Β.
334 1473 409 1549 IIL
420 1478 481 1562 27.
509 1471 681 1548 Trunca
699 1493 975 1544 sarusar-:rrum
994 1467 1139 1544 Rsaun
1156 1491 1440 1545 conrauraauu
1458 1493 1512 1542 m.

296 1569 385 1612 '⁰¹⁴⁰'
506 1631 534 1688 1.
559 1620 729 1710 sugamus
744 1619 832 1684 naas
847 1619 889 1684 re
904 1619 1039 1686 cluna
1054 1619 1128 1688 na
1174 1620 1291 1706 Implet
1304 1619 1379 1684 aa
1393 1627 1446 1686 se.

504 1741 535 1799 2.
559 1732 707 1822 Gregorij
726 1731 904 1796 Moralibus
919 1753 1015 1818 super
1028 1731 1156 1797 Jobum.
1203 1731 1319 1818 Implet
1332 1730 1407 1796 solia
1421 1739 1474 1796 60.

549 1869 693 1954 Scriptus
707 1879 755 1933 est
768 1867 820 1932 hic
837 1867 950 1932 Codex
964 1867 1054 1933 lineis
1068 1867 1257 1944 dimidiatis;
1280 1868 1377 1932 literis
1391 1865 1488 1953 paulb
1502 1863 1683 1952 majoribus,
1704 1866 1898 1945 acuminatis,
1914 1867 1999 1932 benc

503 1979 664 2056 formatis3
680 1991 753 2044 ante
767 2000 867 2044 annos
881 1980 955 2044 circ.
971 1990 1046 2046 400.

549 2091 588 2156 ln
603 2091 692 2156 initio
707 2090 797 2156 libri:
823 2099 845 2132 ‘⁶
859 2113 877 2155 e
892 2091 941 2156 coi
956 2091 1062 2156 librai.
1078 2089 1235 2190 Moflcbop
1250 2089 1423 2156 Dunelrii.”

550 2203 589 2268 In
603 2202 679 2267 lolio
693 2201 912 2288 praecedente:
937 2211 959 2244 “
975 2203 1047 2268 Lib.
1061 2203 1094 2266 bi
1111 2202 1242 2270 cuthni
1256 2225 1298 2268 ex
1313 2200 1492 2288 pcusao‘bne
1505 2199 1565 2265 fris
1581 2199 1665 2266 Tho.
1680 2199 1721 2265 de
1736 2199 1861 2268 nunu
1987 2287 1991 2294 ,

548 2313 622 2380 Fuit
636 2313 688 2378 hic
711 2313 852 2380 Thomas
867 2313 909 2379 dc
924 2313 1020 2379 Lund
1044 2313 1137 2380 Prior
1153 2313 1401 2392 Frnlrhalleusis;
1426 2325 1458 2378 et
1471 2335 1554 2380 nnus
1575 2335 1595 2378 c
1616 2311 1915 2399 Compromissariis,
1937 2313 1993 2401 qui
2103 2317 2106 2323 ’

504 2431 602 2512 (anno
621 2427 718 2508 lass)
734 2425 897 2514 elegerunt
914 2425 1089 2492 Robertum
1104 2425 1145 2491 de
1161 2425 1355 2514 Graystanes
1372 2425 1566 2513 Episcopum
1581 2423 1848 2490 Dunelmeusem:
1864 2436 1900 2490 ut
1914 2423 1992 2513 legi-

504 2559 574 2600 mus
590 2537 622 2600 in
647 2536 820 2602 Whartoni
842 2537 958 2625 anglia
976 2537 1083 2614 saera,
1107 2536 1180 2602 Vol.
1197 2545 1227 2602 2.
1253 2540 1286 2602 in
1310 2537 1454 2604 Histous
1469 2535 1679 2602 Dunelmeusi
1700 2537 1741 2602 ab
1763 2538 1832 2622 ipso
1848 2535 1992 2602 Roberto

503 2653 552 2734 (ut
568 2647 770 2712 Whartonus
784 2649 945 2734 opinatur)
967 2649 1155 2734 conscripti.
1201 2649 1265 2715 Sed
1279 2649 1332 2715 hic
1352 2649 1433 2715 liber
1455 2671 1494 2714 eo
1515 2671 1601 2714 anno
1614 2649 1772 2736 antiquior
1792 2649 1833 2714 sit
1847 2659 1988 2734 oponct3

502 2758 577 2845 quia
591 2757 734 2824 'I’homas
755 2759 808 2824 hic
829 2771 897 2824 tum
920 2764 1006 2844 (cum
1020 2781 1093 2824 eum
1107 2759 1300 2845 procuravit)
1326 2781 1391 2824 non
1414 2760 1507 2826 Prior
1530 2759 1772 2838 Finlrhallensis,
1799 2759 1854 2824 sed
1869 2772 1991 2824 tantmn

503 2869 625 2948 Frater,
648 2871 698 2936 ie.
723 2870 913 2950 Monachus,
931 2871 1155 2936 Dunclmensis
1170 2869 1237 2935 fuit
1294 2871 1358 2936 Sed
1373 2893 1438 2936 nou
1453 2870 1554 2936 multo
1567 2885 1641 2938 autc
1662 2871 1696 2936 id
1717 2884 1841 2958 tempus
1856 2873 1988 2960 scriptus

503 2981 637 3047 videtur.

416 3249 476 3320 28.
503 3242 675 3317 Tannum
692 3265 810 3318 suras
829 3243 992 3318 Parauru
1010 3267 1257 3320 owansoauru
1275 3267 1442 3318 scarum.

545 3389 745 3478 Alphabetici
760 3403 834 3456 suut
849 3392 974 3457 Indices
991 3391 1112 3458 Rerum
1131 3393 1163 3456 in
1179 3393 1216 3457 iis
1231 3392 1319 3458 libris
1334 3402 1572 3458 contentarum:
1595 3392 1649 3479 qui
1664 3413 1737 3456 cum
1751 3389 1830 3454 nulli
1845 3387 1916 3454 usul
1930 3389 1991 3454 bo-

500 3504 552 3570 die
566 3525 634 3568 esse
649 3503 781 3588 possint,
806 3525 859 3568 eos
875 3503 1032 3593 sigillatim
1047 3505 1227 3568 examinare
1250 3525 1355 3590 operoe
1369 3503 1506 3590 pretium
1527 3503 1628 3569 visum
1649 3525 1715 3568 non
1729 3515 1786 3568 ast.
1832 3503 1914 3570 Satis
1929 3486 1991 3568 erit

501 3614 565 3680 huc
579 3615 787 3680 transcribere
802 3615 982 3680 Inrliculum
997 3615 1028 3678 in
1043 3615 1146 3681 fronte
1160 3616 1233 3681 libri
1247 3617 1425 3702 praefixum.

500 3759 529 3816 1.
552 3749 678 3815 Tabula
692 3772 786 3836 super
801 3751 898 3815 libros
915 3749 1089 3816 Moralium
1103 3751 1186 3816 beati
1203 3751 1361 3841 Gregorij.

502 3869 533 3926 2.
557 3861 685 3926 Tabula
698 3883 794 3948 super
808 3861 906 3926 libros
922 3861 1075 3926 Anselmi.

503 3981 533 4038 8.
557 3971 684 4039 Tabula
698 3995 794 4060 super
808 3981 851 4039 20
865 3972 962 4038 libros
979 3971 1265 4061 Ethimologiarum
1280 3971 1418 4038 Ysodori
1433 3969 1722 4061 [Etymologiarum
1738 3971 1853 4038 Isidori
1870 3971 1988 4058 Hispa-

604 4083 717 4164 lensis]
747 4103 821 4148 cum
843 4083 1079 4168 Inceptionibus
1108 4085 1180 4164 [ie.
1205 4083 1371 4167 Exordiis]
1400 4083 1556 4150 dictorum
1578 4084 1742 4163 librorum,
1772 4098 1805 4150 et
1835 4083 1989 4170 Capitulis

603 4193 787 4259 eomudem.

502 4315 534 4372 4.
557 4303 682 4370 Tabula
697 4325 793 4390 super
806 4303 1005 4368 auctoritates
1022 4303 1054 4368 S.
1072 4301 1234 4387 Scriptura
1247 4303 1405 4388 expositas
1419 4305 1452 4368 iu
1467 4305 1555 4369 libris
1571 4305 1617 4368 bii
1634 4306 1792 4393 Gregorij.

404 4455 408 4466 ·
503 4425 534 4483 5.
559 4413 719 4499 Principia
734 4413 906 4478 Librorum
920 4427 953 4478 ct
968 4413 1187 4499 Capitulorum
1205 4413 1446 4480 confessionum
1463 4415 1597 4498 B.[eati]
1613 4417 1794 4505 Augustini.

502 4536 533 4594 6.
556 4525 683 4592 Tabula
698 4546 792 4612 supar
805 4525 922 4590 librum
937 4523 1108 4614 Augustini
1122 4523 1163 4589 de
1176 4523 1277 4590 libero
1293 4525 1446 4591 Arbitrio.

502 4645 532 4708 7.
556 4637 682 4703 Tabula
696 4659 791 4723 super
805 4636 921 4702 librum
936 4646 977 4704 88
993 4637 1192 4723 questionum
1208 4637 1388 4726 Augustini.

505 4758 535 4816 Β.
559 4749 758 4836 Inceptiones
775 4749 963 4814 Sermonum
977 4749 1061 4814 beati
1077 4749 1244 4828 Bemardi,
1260 4771 1332 4814 cum
1348 4749 1474 4816 Tabula
1489 4771 1584 4837 super
1597 4749 1735 4816 eosdem.

505 4869 536 4926 9.
559 4859 686 4924 Tabula
698 4859 852 4924 libromm
869 4859 906 4924 B.
923 4861 1095 4948 Augustini
1109 4860 1150 4926 dc
1166 4861 1300 4926 Ciuitate
1315 4860 1390 4926 Dei.

484 4981 535 5038 10.
558 4969 684 5036 Tabula
698 4993 792 5058 super
807 4971 983 5060 Originalia
998 4972 1179 5062 Augustini,
1194 4987 1227 5038 et
1240 4972 1373 5038 aliorum
1389 4971 1577 5038 Doctorum.

549 5083 691 5169 Scriptus
706 5095 754 5150 est
767 5083 819 5150 hic
835 5085 948 5150 Codex
961 5107 1026 5150 non
1040 5097 1125 5152 totus
1148 5085 1188 5150 ab
1207 5085 1317 5151 eidem
1339 5107 1436 5150 manu
1450 5085 1507 5150 scd
1521 5084 1632 5152 eidem
1655 5091 1703 5171 (ut
1717 5085 1854 5168 videtur)
1876 5097 1989 5163 auter

504 5207 577 5260 ante
591 5217 691 5262 annos
706 5206 770 5262 800
785 5209 840 5262 aut
854 5197 947 5262 etiam
961 5197 1077 5282 plures.

548 5305 588 5371 ln
603 5307 693 5372 initio
706 5319 739 5372 et
752 5306 816 5372 fine
830 5307 903 5372 libri
917 5319 1086 5373 assuuntur
1107 5306 1181 5372 lolia
1200 5307 1312 5373 veteris
1334 5307 1407 5372 libri
1423 5307 1598 5387 Censualis,
1620 5308 1685 5374 sire
1701 5307 1875 5375 Raditunm
1889 5293 1991 5375 annn-

503 5441 595 5485 orum
609 5419 703 5508 hajas
719 5421 876 5508 Coenobij,
891 5421 966 5486 anni
981 5421 1098 5486 scilicet
1115 5429 1209 5488 1339.

416 5685 476 5762 29.
503 5679 673 5756 Tarauna
692 5681 977 5757 Aurusssrrca
995 5707 1037 5756 ru
1054 5707 1186 5758 varnos
1205 5681 1421 5772 Aucroars,
1448 5707 1530 5783 quae
1548 5707 1594 5757 ex
1613 5683 1793 5774 Indiculo,
1813 5685 1875 5786 qui
1890 5683 1988 5759 libro

545 5802 551 5818 ”
722 5807 876 5904 aprima
893 5831 1003 5888 manu
1020 5791 1230 5906 praefigilur,
1250 5806 1322 5882 huc
1340 5809 1566 5908 transcriptae
1583 5821 1680 5885 sunt.

527 5958 555 6016 1.
578 5947 704 6014 Tabula
717 5949 807 6015 Jobis
824 5951 957 6016 Crisos't‘i
972 5961 1102 6037 supera
1119 5951 1227 6037 Eplas·
1235 5951 1336 6018 Pauli.

524 6069 555 6127 2.
576 6097 707 6118 --
721 6083 816 6147 super
829 6063 970 6150 ejusdem
984 6085 1063 6149 opus
1078 6061 1306 6150 imperfectum.
1784 6065 1875 6132 Folio
1892 6073 1945 6132 12.
