4630 7860
517 1051 565 1120 34
1035 1057 1192 1110 comens
1217 1052 1471 1109 nanuscnrrrr

275 1265 322 1339 A.
332 1261 405 1338 III.
421 1276 479 1346 12.
505 1275 535 1339 7.
560 1266 753 1334 Nouium
768 1279 876 1326 sorno
891 1277 1092 1342 ourausoan
1109 1258 1304 1324 Conancrrs.
1352 1257 1419 1322 rot.
1439 1263 1488 1320 ta.

291 1361 408 1452 iiidie
570 1383 651 1446 Sunt
665 1373 894 1441 observationes
906 1369 1028 1434 variaed
1046 1369 1140 1434 sacra
1155 1369 1315 1454 Scriptum
1326 1369 1440 1446 duna,
1456 1385 1589 1453 quarum
1604 1363 1783 1450 exemplum
1795 1363 1853 1428 sit:
1871 1372 1892 1408 ‘⁶
1903 1365 1988 1431 Caro

610 1499 632 1532 ‘⁶
646 1499 693 1552 est
714 1482 881 1570 aliquando
901 1503 1015 1544 nomen
1040 1479 1238 1558 Substantia,
1266 1493 1300 1542 ut
1325 1479 1397 1542 lsai,
1422 1489 1474 1542 40.
1497 1476 1614 1541 videbit
1635 1476 1736 1539 onmis
1758 1497 1832 1540 caro
1854 1475 1989 1540 salutare

610 1608 632 1641 ⁶‘
645 1597 725 1662 Dei:
749 1593 917 1680 aliquando
939 1613 1054 1656 nomen
1077 1590 1361 1676 corruptibilitatis;
1385 1602 1418 1653 ut
1434 1597 1454 1652 2
1471 1589 1545 1654 Cor.
1563 1599 1592 1653 5.
1639 1588 1681 1652 Et
1703 1588 1729 1650 si
1750 1589 1987 1676 cognoverimus

610 1718 631 1750 ⁶⁶
646 1705 818 1772 secundum
834 1705 989 1769 carnem.'’

567 1819 606 1886 In
628 1818 691 1882 fine
712 1817 825 1880 harum
842 1814 1104 1879 Observationum
1127 1811 1270 1898 adjicitur
1294 1811 1479 1896 Disquisitio
1502 1815 1550 1894 (ut
1564 1808 1640 1872 mibi
1663 1809 1798 1892 videtur)
1821 1810 1860 1874 de
1877 1811 1988 1876 Gratiis

611 1943 643 1995 et
658 1929 776 1994 Libero
797 1927 936 1992 arbitrio.
982 1925 1050 1990 Fol.
1070 1932 1119 1992 17.
1135 1923 1194 1988 col.
1211 1933 1239 1986 3.
1286 1921 1402 1986 Literoe
1424 1922 1507 1985 enim
1530 1922 1572 1984 ita
1594 1921 1753 2006 pemtexae
1775 1934 1893 1986 suntet
1908 1922 1989 1985 inter

612 2063 646 2105 se
660 2041 837 2125 implicatae,
854 2051 966 2101 utnon
989 2036 1077 2100 facile
1092 2035 1154 2122 legi
1168 2034 1306 2120 possint3
1328 2055 1386 2098 nec
1402 2034 1501 2096 visum
1516 2047 1562 2096 est
1583 2035 1838 2118 operaepretium
1854 2033 1987 2097 multum

610 2153 760 2236 temporis
775 2152 804 2214 ei
822 2149 1013 2234 impendere.

572 2265 624 2332 Sic
639 2265 766 2348 incipit:
792 2269 813 2304 ⁶⁶
825 2261 977 2338 Queritur
992 2259 1145 2323 delibero
1161 2255 1298 2333 arbitrio,
1322 2255 1425 2342 primi»
1440 2277 1479 2318 an
1495 2256 1543 2318 sit.
1590 2255 1761 2331 “Quidam
1776 2257 1860 2320 enim
1875 2269 1991 2346 negant

614 2384 635 2418 ‘⁶
650 2399 717 2442 esse
732 2374 866 2438 liberum
882 2371 1055 2449 arbitrium,
1079 2383 1114 2434 ut
1128 2367 1263 2432 audeant
1277 2389 1426 2432 excusare
1441 2369 1632 2451 peccatum.’'

572 2488 624 2554 Sic
639 2486 768 2550 desinit:
792 2483 860 2564 [fol.
881 2492 928 2547 19.
945 2479 1003 2545 col.
1016 2486 1064 2560 4.]
1110 2478 1223 2542 “Item
1239 2491 1344 2543 utrum
1365 2479 1507 2566 gignens,
1531 2487 1562 2540 et
1575 2477 1726 2564 genitum,
1750 2489 1781 2542 et
1795 2477 1988 2564 procedens:

614 2608 635 2639 ⁶⁶
651 2599 730 2662 Item
746 2594 905 2682 quomodo
920 2593 1055 2677 seipsum
1066 2593 1258 2654 movens'’-

570 2709 774 2795 Imperfectus
790 2721 837 2772 est
851 2707 902 2772 hic
915 2719 1065 2800 tractatus
1081 2706 1113 2768 in
1129 2705 1201 2768 fine.

515 2856 545 2911 8.
569 2846 723 2922 Quanam
739 2866 884 2927 punsrro
901 2863 1131 2907 inserueram
1148 2859 1291 2922 Quonam
1309 2859 1452 2904 aoruno.

572 2959 724 3021 Inseritur
739 2957 820 3020 inter
833 2956 886 3018 fol.
914 2964 952 3020 19
968 2967 999 3018 et
1014 2963 1065 3032 20,
1085 2953 1266 3018 membrana
1284 2953 1378 3040 ionga
1399 2965 1430 3016 et
1452 2962 1591 3040 angulata,
1617 2951 1662 3034 (iu
1684 2950 1811 3014 modum
1827 2949 1933 3033 rotuli)
1956 2953 1991 3016 in

615 3091 677 3154 qna
691 3068 825 3130 breviter
840 3066 998 3131 excutitur
1012 3065 1081 3128 haec
1097 3063 1260 3140 Quaestio;
1284 3065 1336 3126 An
1353 3075 1472 3126 naturae
1488 3073 1729 3126 consentaneum
1745 3062 1785 3126 sit
1795 3077 1968 3146 peccatum.

576 3180 627 3243 Sic
650 3178 775 3262 incipit:
812 3177 942 3252 “Quod
965 3176 1085 3240 nullum
1107 3188 1270 3260 peccatum
1297 3175 1335 3238 sit
1358 3187 1468 3238 nature
1491 3185 1733 3238 consentaneum
1755 3173 1876 3238 videtur
1899 3197 1991 3260 posse

618 3289 780 3375 “probari
796 3301 862 3352 tum
879 3288 1061 3352 auctoritate
1076 3299 1142 3350 tum
1158 3287 1287 3350 ratione.
1333 3285 1527 3350 Auctoritate
1542 3285 1649 3348 sic”-··

576 3403 614 3465 In
630 3400 692 3464 fine
708 3399 895 3464 adscribitur
919 3399 1078 3463 Sententia
1099 3420 1140 3460 ex
1162 3397 1270 3462 Leone
1287 3395 1419 3482 MagnO,
1443 3395 1482 3458 de
1498 3416 1644 3479 supremo
1666 3395 1686 3458 J
1689 3394 1810 3472 udicio;
1832 3408 1863 3460 et
1877 3395 1937 3460 alia
1951 3418 1992 3462 ex

618 3509 787 3596 Augustini
802 3507 1054 3571 meditationibus
1070 3511 1151 3591 (cap.
1168 3508 1211 3586 6.)
1227 3505 1267 3570 de
1284 3504 1410 3570 Christo
1425 3505 1577 3590 patiente3
1601 3505 1687 3590 cujus
1701 3519 1822 3590 partem
1837 3529 1909 3572 cum
1923 3529 1992 3572 ver·

616 3622 703 3684 sione
718 3619 836 3684 vetusta
854 3617 986 3706 Anglicd
1002 3617 1053 3682 hic
1068 3617 1243 3682 adscribam

580 3742 601 3774 ⁶⁶
617 3732 740 3797 Candet
754 3731 906 3796 nudatum
921 3741 1046 3814 pectus:
1338 3737 1359 3770 ‘⁶
1376 3728 1512 3792 Procera
1526 3728 1629 3816 rigent
1643 3728 1788 3792 brachia:

579 3855 600 3888 ⁶⁶
617 3847 708 3910 rubet
722 3855 885 3908 cruentum
900 3843 1000 3906 latus:
1341 3848 1362 3880 ⁶⁶
1377 3861 1469 3904 crura
1483 3840 1621 3926 pendent
1636 3863 1827 3906 marmorea:

578 3967 600 4000 ‘⁶
615 3971 703 4022 tensa
718 3969 807 4021 arent
822 3957 956 4020 viscera:
1307 3993 1310 4002 .
1338 3961 1358 3992 ⁶⁶
1373 3953 1454 4040 rigat
1469 3953 1639 4016 terebratos
1654 3953 1750 4038 pedes

578 4080 599 4112 ‘⁶
613 4071 728 4134 decora
742 4069 892 4156 languent
906 4065 1043 4130 lumina:
1339 4072 1360 4106 “
1374 4065 1456 4128 beati
1472 4065 1631 4152 sanguinis
1647 4065 1760 4130 unda.”

578 4191 599 4222 ⁶‘
614 4181 700 4268 regia
713 4179 832 4264 pallent
846 4200 920 4241 ora:

621 4291 757 4378 Anglioa
771 4289 872 4354 versio
887 4290 1035 4376 sequitur,
1052 4311 1123 4378 quae
1138 4301 1240 4354 tamen
1256 4287 1351 4374 paulb
1365 4287 1466 4352 laxior
1479 4299 1535 4350 est.

582 4411 603 4444 ⁶‘
620 4401 737 4488 Wyth¹
756 4423 818 4464 was
832 4400 881 4464 his
896 4400 1017 4464 nakede
1032 4401 1125 4478 brest,
1142 4401 1170 4464 81
1187 4399 1242 4462 red
1257 4395 1295 4461 of
1303 4397 1393 4462 blod²
1409 4397 1458 4460 his
1474 4397 1568 4483 syde:
1592 4419 1607 4459 1.
1619 4421 1693 4462 uua.
1716 4423 1733 4461 a.
1743 4423 1806 4463 uma

580 4523 601 4555 ⁶⁶
618 4512 729 4599 Bleye³
743 4535 805 4576 was
815 4511 865 4575 his
880 4511 937 4575 fair
952 4512 1104 4578 handled⁴
1118 4511 1167 4574 his
1182 4510 1268 4573 wnd⁵
1284 4508 1362 4596 dop⁶
1380 4511 1409 4574 &
1424 4509 1522 4572 wido:
1545 4532 1630 4571 aaran.
1654 4535 1672 4571 a
1682 4534 1749 4572 unu
1773 4537 1876 4576 nunna
1892 4539 1970 4590 auus.

580 4633 601 4667 ⁶⁶
615 4624 678 4688 and
694 4623 741 4687 his
757 4646 839 4687 anns
854 4623 1002 4709 ystreich⁷
1017 4621 1078 4708 hey
1093 4645 1136 4706 up
1151 4620 1215 4684 hon
1229 4643 1269 4706 pe
1284 4619 1378 4685 rode:
1423 4646 1440 4682 r.
1450 4643 1702 4695 ammonianum
1714 4648 1897 4694 maenam.

580 4748 601 4781 ⁶‘
616 4761 658 4803 on
673 4737 729 4801 fisa
745 4737 851 4802 studes
865 4759 907 4800 on
922 4735 970 4799 his
984 4736 1069 4822 body
1084 4744 1118 4820 p⁰
1135 4749 1263 4799 stremes
1279 4757 1335 4798 ran
1350 4758 1370 4799 o
1385 4735 1508 4802 blode.”
1541 4761 1686 4808 annuae,
1695 4762 1724 4800 u.
1734 4762 1924 4810 prauumue

523 4909 553 4965 9.
578 4898 698 4962 Sanno
714 4917 775 4979 our
791 4916 841 4960 src
857 4914 1003 4960 merem:
1029 4901 1050 4934 “
1062 4893 1289 4958 Ounrrorans
1306 4897 1460 4977 rrapunss’

583 5009 683 5073 Hunc
698 5029 874 5072 sermonem
889 5007 921 5069 in
936 5005 997 5069 hoc
1012 5005 1119 5070 codice
1132 5026 1196 5068 non
1210 5003 1344 5080 invenio.

503 5155 553 5211 10.
577 5144 747 5209 Lmnmus
764 5163 806 5207 nn
824 5142 1078 5206 Srrnnmraus.

580 5255 624 5320 Et
636 5253 722 5318 hunc
736 5253 851 5318 frustra
864 5251 1003 5338 quaesivi.

504 5402 553 5458 11.
576 5393 658 5456 Duo
674 5410 851 5456 saumones
867 5409 974 5454 surra
997 5395 1019 5428 ⁶‘
1030 5386 1153 5451 Tarm
1168 5406 1263 5451 rma:
1287 5407 1329 5450 nr
1344 5385 1457 5450 V1o1.”
1503 5387 1570 5453 Fol.
1583 5399 1634 5458 20.
1650 5403 1682 5457 et
1697 5401 1748 5458 22.

583 5503 675 5567 Prior
696 5513 742 5565 est
758 5523 859 5564 sermo
882 5501 914 5562 in
938 5499 1032 5562 Festo
1048 5496 1162 5561 Mariae
1185 5495 1395 5584 Magdoienae.
1442 5497 1494 5562 Sic
1509 5497 1634 5586 incipit3
1659 5513 1679 5546 ‘⁶
1692 5503 1792 5569 Terra
1814 5507 1867 5570 illa
1881 5508 1998 5578 inculta

626 5619 648 5652 ⁶⁶
661 5611 743 5675 facta
757 5624 804 5675 est
818 5623 853 5674 ut
866 5611 975 5675 hortus
990 5609 1166 5694 voluptatis.
1211 5607 1325 5672 Ezech.
1343 5611 1414 5674 863⁹
1460 5609 1599 5694 Scriptus
1615 5625 1660 5676 est
1672 5614 1703 5675 in
1718 5613 1815 5677 formai
1832 5625 1883 5694 4⁶¹,
1900 5619 1997 5688 literis

624 5721 762 5798 minutia,
788 5733 820 5785 et
844 5721 924 5786 bene
946 5721 1094 5785 formatis.
1150 5721 1201 5786 sic
1227 5721 1362 5784 desinit':
1398 5729 1590 5805 “prestante
1620 5725 1762 5788 ortolano
1787 5725 1894 5793 nostro
1920 5735 1997 5800 Jesu

626 5839 648 5872 ⁶‘
664 5831 798 5896 Cristo.”

583 5941 746 6009 Secundus
763 5943 873 6007 Sermo
892 5954 939 6006 est
953 5943 985 6005 in
1000 5942 1210 6026 assumptione
1230 5941 1321 6006 beate
1337 5939 1441 6007 Marie
1457 5945 1623 6033 Virginis.”
1670 5947 1722 6012 Sic
1737 5949 1865 6037 incipit:
1891 5957 1997 6023 “Vidi

625 6064 694 6118 “et
718 6075 789 6118 ecce
815 6075 909 6139 super
937 6053 1166 6119 firmamentum
1192 6053 1277 6140 quod
1303 6067 1370 6119 erat
1394 6057 1557 6123 imminens
1582 6057 1739 6145 capiti'''-··
1784 6065 1836 6130 Sic
1865 6067 1997 6136 desinit:

626 6175 648 6210 ⁶⁶
662 6165 745 6232 filius
759 6167 825 6254 ejus
840 6166 894 6252 qui
908 6187 966 6232 nos
980 6167 1021 6234 ad
1035 6167 1160 6234 celestia
1172 6165 1333 6254 perducat.
1378 6169 1511 6234 Amen.”
