4650 7852
521 1097 594 1170 140
1034 1109 1191 1164 oonrcss
1216 1105 1472 1162 usuuscmm

311 1309 427 1455 {hl}
444 1318 504 1392 35.
587 1313 770 1402 Sequuntur
784 1305 885 1378 Tituli
901 1309 1050 1398 Cupitum
1063 1310 1137 1376 libri
1151 1311 1265 1398 primi:
1289 1311 1430 1378 similiter
1443 1309 1537 1376 mom
1552 1307 1587 1372 in
1601 1305 1697 1374 initiis
1711 1308 1906 1398 reliquorum
1919 1310 2021 1383 huro-

633 1445 715 1490 rum.

590 1535 737 1602 Historia
749 1536 819 1622 ipss
833 1535 877 1602 sic
892 1536 1018 1622 incipit:
1043 1542 1064 1578 “
1077 1533 1251 1614 Britannis,
1269 1535 1390 1602 Oceani
1405 1533 1516 1614 insule,
1533 1534 1584 1600 cui
1594 1534 1755 1621 quondm
1767 1537 1887 1603 Albion
1900 1559 2016 1606 nomen

635 1653 657 1688 “
670 1643 794 1710 fuit”-

591 1755 706 1843 Cupite
724 1769 797 1822 sunt
817 1758 852 1822 in
873 1757 955 1824 libro
975 1757 1079 1845 primo
1101 1767 1163 1825 st:
1187 1759 1220 1824 in
1235 1757 1459 1825 secundello:
1482 1757 1514 1822 iu
1529 1755 1622 1822 tertio
1638 1766 1700 1823 80:
1723 1758 1885 1847 inquorto
1899 1769 1959 1830 81:
1981 1762 2016 1828 in

634 1869 745 1957 quinto
760 1876 812 1936 25.

536 2013 567 2072 4.
591 2003 679 2070 Vrrs
695 2003 792 2068 Bnns
810 2003 1030 2084 Pnsssrrnsu
1047 2026 1090 2072 nr
1105 2005 1332 2072 Gunuususrs
1348 2003 1530 2072 Mouscur.
1842 2007 1879 2074 F.
1896 2017 1970 2078 215.

593 2115 742 2182 Proesetio
757 2117 801 2179 sic
816 2115 943 2201 incipit:
969 2125 991 2158 “
1002 2116 1091 2182 Inter
1107 2117 1287 2184 Catholicos
1303 2139 1391 2182 sscre
1408 2117 1570 2203 Scripture
1585 2115 1845 2202 expositores”-

591 2227 666 2293 Vite
681 2227 744 2292 sic:
770 2235 791 2270 “
804 2227 956 2294 Humane
970 2229 1079 2294 solutis
1093 2243 1221 2296 auctore
1238 2229 1367 2294 Christo
1381 2229 1488 2294 Jesu.”

590 2339 630 2405 Iu
646 2339 710 2404 fine
732 2339 894 2425 subjicitur
915 2339 956 2404 sb
982 2339 1042 2406 alis
1064 2361 1161 2406 manu
1185 2346 1239 2427 (ex
1263 2339 1413 2426 Epistolis
1441 2340 1547 2406 Sancti
1570 2339 1722 2422 Aldelmi)
1749 2339 1892 2426 Epistola
1915 2344 2015 2434 Sergij

635 2451 733 2536 Popoe
748 2451 789 2515 sd
805 2449 987 2516 Celfredum
1003 2451 1171 2531 Abbetem,
1195 2451 1257 2540 qui
1280 2451 1402 2518 Βοάεω
1419 2451 1555 2516 Romam
1570 2449 1610 2515 od
1626 2473 1659 2516 se
1674 2463 1773 2516 vocet.
1819 2453 1873 2520 Sic
1887 2455 2015 2540 incipit:

636 2570 658 2601 ‘⁶
674 2559 853 2626 Hortamur
867 2561 942 2628 Deo
956 2561 1102 2628 dilectem
1120 2563 1268 2628 bonitatis
1290 2573 1344 2628 tue
1358 2561 1592 2652 religiositatem
1614 2575 1650 2626 ut
1670 2563 1744 2650 quis
1758 2565 1875 2632 exortis
1889 2567 2018 2654 quibus·

637 2681 659 2714 “
672 2671 811 2737 dsm'’-

536 2817 567 2876 6.
590 2807 679 2876 Vrru
695 2809 905 2877 Ssucronuu
921 2809 1094 2877 Annum
1110 2831 1148 2874 ru
1168 2809 1401 2876 Wrnsuurur
1416 2829 1459 2874 nr
1474 2807 1663 2886 Grnvuuu,
1691 2807 2018 2888 Brunnrcrr,Cs01e

636 2939 743 3000 rnrnr,
761 2920 991 3000 Essrsnwrur,
1009 2923 1168 2988 Srorsrnr
1185 2941 1263 3004 erJ
1283 2921 1506 2998 Hunnorum,
1518 2941 1560 2984 sn
1576 2939 1657 2986 suus
1674 2919 1901 2987 Moussrnnrr
1914 2921 2019 2987 Pens-

637 3053 764 3100 nrrnno
780 3054 823 3100 nr
839 3033 1018 3100 Mouucno
1034 3033 1132 3098 Bene
1147 3053 1346 3098 consensius.
1826 3030 1880 3096 fol.
1897 3039 1971 3097 224.
1986 3033 2019 3097 b.

507 3149 514 3162 '
596 3147 649 3212 Sic
662 3147 788 3230 incipit:
813 3155 835 3188 “
852 3145 1030 3233 Religiosus
1046 3143 1166 3210 Christi
1180 3144 1315 3210 famulus
1331 3143 1496 3230 Biscopus,
1513 3153 1722 3230 cognomento
1739 3141 1994 3208 Benedictus’'—·

596 3255 646 3322 Hi
660 3269 725 3320 tres
745 3257 896 3320 tractetis
912 3255 1069 3320 Historici
1093 3255 1134 3319 sb
1149 3255 1259 3320 cidem
1280 3277 1377 3320 manu
1391 3253 1540 3338 descripti
1554 3265 1644 3330 sunt:
1665 3253 1756 3316 lineis
1780 3252 1903 3330 divisis:
1925 3252 2024 3317 literis

637 3367 734 3452 psulo
747 3367 928 3454 majoribus,
951 3365 1104 3446 rotundis,
1128 3365 1340 3454 elegantibus:
1362 3378 1435 3431 ente
1450 3385 1549 3428 annos
1564 3363 1636 3449 plus
1658 3385 1752 3451 quum
1768 3373 1842 3428 600.
1888 3363 2024 3429 Videtur

639 3499 714 3542 sene
736 3500 805 3542 esse
826 3477 910 3542 idem
933 3477 1013 3542 liber
1034 3479 1089 3566 qui
1113 3479 1159 3563 (in
1184 3479 1329 3544 Indiculo
1352 3479 1505 3542 librorum
1531 3497 1610 3563 quos
1638 3473 1821 3539 Willelmus
1843 3473 1884 3539 de
1907 3476 2026 3544 Sancto

641 3588 812 3674 Cerilepho
826 3588 901 3653 huic
918 3589 1081 3654 Coenobio
1095 3589 1181 3654 dono
1195 3589 1295 3672 dedit)
1313 3589 1458 3654 Historia
1473 3589 1651 3678 Anglorum
1667 3601 1805 3653 vocetur.

539 3736 569 3793 6.
593 3724 784 3792 Eunocruu
799 3743 1034 3791 snnvrssruurs
1058 3725 1257 3792 Berrsuurn
1281 3725 1408 3790 luscus
1424 3745 1518 3810 Quor:
1541 3723 1704 3788 Nunnius
1728 3723 1904 3790 Envonuur
1922 3747 2025 3792 nusci-

639 3855 747 3902 runus
763 3855 1012 3900 counrnosvru.

595 3945 722 4012 Titulus
737 3945 789 4011 hic
804 3959 877 4010 ente
894 3942 1115 4010 Praeistionem
1129 3943 1263 4032 legitur:
1287 3956 1360 4008 unte
1376 3944 1548 4033 Eulogium
1563 3945 1667 4030 ipsum
1682 3945 1746 4012 duo
1761 3947 1830 4033 slij:
1853 3947 1886 4012 iu
1901 3969 2023 4014 summo

638 4057 715 4123 solio
736 4057 820 4122 hoc:
850 4065 871 4098 “
887 4055 1002 4141 Incipit
1017 4054 1118 4122 Gesta
1140 4055 1307 4120 Britonum
1321 4079 1341 4120 s
1356 4055 1454 4121 Gildo
1470 4055 1618 4140 Sapiente
1640 4057 1842 4142 composits.”
1885 4057 1926 4124 In
1940 4081 2023 4124 mur-

640 4170 715 4258 gine
730 4189 824 4233 vero:
848 4165 957 4254 (idque
971 4189 991 4230 e
1005 4187 1111 4244 manu,
1136 4179 1170 4230 ut
1192 4167 1324 4246 videtur,
1348 4167 1463 4252 primi)
1488 4167 1638 4252 “Incipit
1659 4189 1709 4232 res
1730 4181 1828 4254 geste,
1855 4193 1874 4234 e
1896 4169 2023 4234 Nennio

642 4289 665 4322 “
681 4279 829 4362 Sapienti:
844 4276 1046 4362 composite”
1092 4275 1188 4342 Unde
1210 4277 1315 4366 colligi
1337 4277 1416 4342 forte
1436 4278 1543 4363 possit,
1572 4276 1781 4341 Historiolum
1796 4275 1878 4342 hunc
1899 4279 1940 4344 sb
1955 4279 2024 4344 eliis

647 4391 765 4468 Gildae,
781 4391 823 4454 ub
837 4389 905 4454 eliis
922 4389 1049 4454 Nennio
1064 4388 1252 4476 adscriptam
1268 4389 1380 4456 titisse:
1396 4391 1481 4478 quod
1496 4411 1566 4454 eum
1579 4389 1692 4455 Gildss
1706 4390 1836 4456 fortusse
1850 4391 2021 4474 inchoavit,

645 4501 735 4566 suxit
748 4511 803 4565 sut
817 4499 954 4566 correxit
970 4499 1123 4564 Nennius.

599 4611 747 4682 Proefstio
761 4613 806 4678 sic
820 4612 948 4698 incipit:
973 4619 994 4652 “
1011 4611 1082 4700 Ego
1098 4611 1241 4677 Nemrius
1257 4611 1414 4700 Elvodugi
1428 4611 1600 4697 discipulus
1615 4611 1718 4698 ulique
1732 4615 1944 4698 excerpte''—

599 4727 697 4796 Liber
712 4725 779 4812 ipse
794 4723 855 4790 sic:
880 4731 902 4766 “
913 4725 944 4788 A
958 4723 1115 4808 principio
1129 4725 1239 4790 mundi
1254 4749 1352 4814 usque
1367 4725 1408 4790 od
1422 4723 1619 4791 Diluvium.’'

598 4838 772 4928 Eulogium
784 4836 847 4902 hoc
860 4835 959 4901 edidit
974 4835 1093 4902 Guleus
1109 4837 1227 4924 Oxonij
1250 4861 1321 4903 cum
1335 4837 1404 4901 eliis
1421 4837 1575 4902 Historioe
1593 4835 1784 4900 Britannico:
1800 4837 2023 4923 scriptoribus.

598 4951 726 5017 Desunt
739 4961 843 5014 sutem
865 4947 918 5012 hic
941 4949 1090 5034 Cupitum
1111 4961 1305 5038 arguments,
1332 4969 1404 5034 quse
1425 4947 1457 5010 in
1480 4947 1565 5012 edito
1591 4947 1710 5012 Codice
1731 4947 1953 5015 Proefotionem
1974 4973 2024 5016 se·

642 5073 800 5150 quuutur:
825 5080 960 5146 quorum
981 5071 1086 5124 nmen
1112 5060 1211 5124 uicem
1233 5057 1380 5144 supplere
1400 5071 1533 5144 possunt
1556 5057 1721 5124 Iemmsts
1735 5059 1797 5122 ulis
1818 5061 1954 5150 margini
1967 5060 2023 5125 ed-

642 5173 768 5260 scripte
814 5169 963 5256 Cupitum
978 5191 1053 5236 vero
1068 5169 1180 5236 divisio
1194 5171 1317 5236 diverse
1332 5170 1426 5235 estin
1441 5169 1502 5234 boc
1518 5169 1637 5238 Codice
1652 5193 1671 5234 e
1685 5169 1768 5234 libro
1783 5170 1921 5258 uulgato.

602 5287 818 5372 Apponuntur
834 5281 928 5347 etiem
943 5281 1087 5370 margini,
1111 5281 1151 5346 eb
1174 5281 1234 5348 alit
1256 5303 1362 5360 manu,
1380 5285 1435 5366 (ex
1449 5280 1521 5359 elio,
1537 5292 1573 5345 ut
1586 5281 1720 5360 videtur,
1738 5280 1872 5364 Codice)
1890 5281 2023 5368 Supple-

643 5409 749 5460 ments
762 5392 908 5481 quredem
922 5391 1015 5480 hujus
1032 5393 1201 5460 Historiae:
1225 5407 1257 5460 et
1270 5395 1303 5458 in
1318 5393 1383 5458 fine
1397 5391 1542 5479 adjicitur
1564 5390 1663 5479 (quod
1677 5391 1711 5454 in
1725 5390 1812 5458 edito
1826 5391 1908 5456 libro
1922 5391 2024 5474 deest)

643 5506 752 5572 folium
767 5527 866 5570 unum
880 5504 922 5570 de
938 5503 1138 5570 Mirabilibus
1155 5505 1327 5583 Britannis,
1344 5504 1384 5569 de
1399 5503 1512 5592 quibus
1528 5525 1561 5568 se
1575 5503 1733 5568 dicturum
1748 5507 1794 5568 ei't
1806 5503 1902 5590 psuld
1916 5525 2022 5590 supro.

601 5617 727 5708 Eulogij
750 5617 905 5704 scripture
927 5616 969 5680 ed
989 5617 1111 5680 initium
1135 5617 1239 5682 Seruii
1261 5613 1440 5683 duodecimi
1462 5613 1609 5678 accedere
1631 5612 1773 5679 videtur:
1797 5613 2024 5702 Supplements

644 5727 804 5814 eliquanto
817 5729 991 5794 recentiore
1005 5727 1158 5793 ridentur.
1294 5797 1296 5806 ¹

546 5873 575 5936 7.
599 5862 829 5932 Gsuusnoors
846 5865 976 5932 Rrouu
992 5863 1190 5930 Burrsuurn
1206 5887 1248 5932 sn
1264 5866 1364 5932 Eune
1378 5886 1423 5930 sn
1440 5862 1712 5930 Cruuusnrnsu.
1864 5863 1885 5928 t
1901 5870 1976 5930 050.

503 5988 505 5992 ·
603 5972 727 6058 scripta
741 5975 863 6042 videtur
884 5973 994 6042 eidem
1015 5986 1117 6054 estote,
1140 5975 1202 6064 qui
1226 5975 1452 6062 Supplements
1472 5972 1658 6062 marginalis
1672 5971 1801 6060 Nennij,
1822 5971 1946 6040 circiter
1967 5993 2025 6040 sn·

645 6104 722 6150 num
740 6091 833 6152 1166.
878 6084 961 6151 Vide
974 6097 1014 6154 tr.
1034 6093 1083 6152 ll.
