4634 7874
21 1189 226 1247 APPENDIX.

807 1065 996 1120 ECCLESIAE
1014 1065 1298 1118 DUNELMENSIS·
1755 1053 1830 1132 4107

22 1285 75 1326 m
95 1271 309 1341 numen101‚
421 1269 533 1336 didum
546 1279 656 1348 nocte·
661 1267 810 1354 juvenem
832 1267 873 1332 ad
888 1291 961 1334 eum
976 1268 1115 1356 dirigens
1131 1281 1163 1332 et
1184 1265 1350 1333 consolans
1365 1261 1476 1330 eidem
1499 1285 1571 1330 eum
1587 1279 1680 1333 nocte
1694 1268 1809 1336 libera·

60 1331 185 1373 OCTAVO.

419 1383 508 1448 verit.
554 1379 629 1446 Fuit
642 1393 720 1445 tunc
741 1381 892 1467 temporis
908 1380 1065 1470 Magister
1082 1379 1211 1448 Castelli
1233 1378 1274 1444 de
1290 1376 1392 1442 Tresc
1409 1375 1591 1442 Rodbertus
1608 1378 1731 1448 Elville.
1775 1407 1808 1470 p.

422 1502 497 1560 219.

344 1642 395 1698 91.
420 1630 593 1709 Quomodo
608 1629 836 1716 (Episcopante
857 1629 1000 1718 Hugone
1015 1628 1225 1696 Dunelmeusi
1243 1629 1412 1714 Episcopo,
1430 1627 1608 1694 Willielmo
1630 1629 1728 1697 Ebor.
1745 1633 1809 1698 Ar-

422 1744 623 1830 chiepiscopo
639 1743 678 1808 B.
704 1742 872 1810 Cutlrberti
894 1743 1097 1830 sepulchrum
1118 1741 1268 1808 orationis
1282 1743 1385 1830 gratia
1397 1741 1555 1826 visitante)
1569 1741 1666 1809 frater
1680 1745 1809 1832 quidam

421 1857 584 1924 Johannes
599 1857 676 1922 dum
691 1856 807 1920 librum
823 1855 863 1920 B.
880 1854 1049 1921 Cuthberti
1062 1856 1269 1920 irreverenter
1279 1854 1461 1941 contingere
1472 1856 1713 1940 presumpsisset
1722 1857 1809 1924 febre

423 1982 586 2054 correptus
602 1969 651 2048 sit,
667 1982 699 2034 et
713 1967 884 2054 penitendo
898 1966 1089 2032 satisfaciens
1103 1966 1224 2032 restitui
1240 1965 1470 2032 commeruerit
1514 1987 1547 2052 p.
1564 1973 1638 2034 998.

344 2137 397 2196 99.
420 2127 473 2195 De
487 2129 611 2196 Juvene
633 2125 771 2214 quodem
793 2125 848 2213 qui
863 2137 974 2190 testam
997 2124 1107 2210 capitis
1122 2124 1242 2211 ingenti
1264 2122 1361 2188 trabis
1384 2125 1559 2189 corruentis
1574 2125 1658 2191 mole
1672 2127 1806 2194 detritus

424 2241 474 2320 sit,
490 2241 608 2327 quique
634 2237 798 2304 exhalasse
820 2261 839 2302 a
860 2237 967 2303 multis
982 2237 1127 2324 spiritum
1150 2236 1544 2323 credebatur—quomodo
1565 2238 1742 2306 incredibili
1765 2241 1806 2308 B.

424 2351 592 2420 Cuthberti
606 2350 723 2415 virtute
733 2348 868 2414 letaliter
882 2347 1063 2414 vulneratus
1078 2347 1237 2426 revixerit,
1253 2359 1294 2426 et,
1307 2347 1432 2412 defosso
1446 2349 1593 2413 omuibus
1608 2349 1719 2417 diebus
1734 2353 1807 2418 vitae

421 2485 487 2530 suoe
502 2463 613 2550 capite,
630 2483 725 2526 sanus
740 2472 844 2525 tamen
866 2459 907 2524 ad
921 2459 1029 2524 omnia
1042 2458 1170 2547 negotia
1183 2481 1240 2522 sua
1255 2469 1287 2522 et
1301 2479 1398 2546 opera
1412 2459 1566 2526 exstiterit
1580 2463 1639 2528 dvc.
1683 2485 1715 2549 p.
1732 2471 1807 2532 998.

343 2637 396 2696 98.
420 2623 603 2704 Quomodo,
616 2621 801 2690 Guillielmo
816 2621 956 2688 secundo
971 2622 1056 2708 apud
1071 2621 1268 2687 Dunelmum
1281 2619 1504 2708 Episcopante,
1517 2645 1589 2688 cum
1601 2625 1728 2711 quidam
1743 2625 1806 2690 fra·

422 2756 504 2810 trem
520 2741 659 2809 Osberni
673 2741 875 2806 vicecomitis
900 2738 1099 2804 Radbertum
1115 2739 1252 2817 nomine,
1274 2739 1381 2827 gladio
1397 2740 1543 2818 seviente,
1563 2743 1681 2827 optimi
1696 2747 1807 2832 capitis

422 2853 569 2942 portione
594 2851 800 2930 diminuisset,
819 2849 1014 2915 Willielmns
1035 2848 1282 2913 molendinarius
1304 2849 1344 2914 de
1368 2849 1492 2936 'I'horp,
1515 2851 1590 2917 licet
1611 2855 1742 2922 crimine
1757 2859 1807 2922 in-

422 2967 548 3045 noxius,
565 2975 675 3050 captus
690 2962 731 3028 ad
746 2961 926 3027 instantiam
941 2959 1103 3047 cujusdam
1120 2961 1293 3026 Procerum
1309 2961 1584 3042 Dunelmensium,
1611 2965 1740 3032 Rodulfi
1762 2969 1807 3036 fil.

424 3076 745 3153 Willielminomiue,
762 3074 840 3139 etin
863 3095 1020 3139 carcerem
1036 3071 1188 3138 Dunelm.
1211 3072 1534 3160 detrusus-qualiter
1556 3075 1595 3141 B.
1613 3076 1808 3147 Cuthbertus

423 3191 582 3278 captivum
593 3188 634 3254 de
644 3199 746 3254 morte
754 3186 904 3274 eripuerit
913 3189 971 3253 &a
1016 3185 1122 3251 Testis
1139 3183 1295 3250 Radulfus
1312 3185 1414 3251 Preco
1427 3186 1570 3253 Civitatis
1579 3187 1732 3258 Dunelm.
1747 3195 1807 3260 &a

424 3325 457 3392 p.
473 3311 548 3370 282.

346 3451 397 3510 94.
421 3436 595 3518 Quomodo
622 3433 767 3502 Paschali
787 3445 939 3520 tempore,
968 3431 1112 3522 Hugone
1135 3431 1296 3519 Episcopo
1317 3433 1445 3498 missam
1467 3433 1656 3514 celebrante,
1679 3436 1809 3524 quidam

426 3551 576 3620 Penitcns
602 3547 644 3614 ad
659 3547 820 3612 Tumbam
848 3547 881 3612 S.
898 3543 1066 3610 Cuthbcrti
1081 3544 1243 3612 absolutus
1269 3544 1310 3610 sit
1323 3567 1344 3610 a
1364 3543 1457 3610 ferrei
1478 3547 1580 3613 nexirs
1594 3547 1754 3636 ligamine,
1777 3563 1809 3615 et

425 3664 561 3730 donatus
575 3659 682 3746 optatis
698 3657 806 3723 salutis
820 3655 973 3721 libertate.
1017 3677 1050 3742 p.
1067 3663 1142 3722 286.

347 3811 400 3872 95.
424 3801 533 3878 Quam
552 3795 688 3863 mirabili
714 3794 836 3873 ordine,
853 3793 893 3859 B.
916 3791 1085 3860 Cutbberti
1099 3792 1225 3878 pietate,
1242 3792 1371 3880 quidam
1387 3791 1587 3860 Monetarius
1602 3795 1635 3860 in
1650 3795 1804 3864 Dunelm.

422 3913 633 3978 incarceratus
648 3920 680 3972 et
693 3907 826 3972 vinculis
848 3904 956 3971 ferreis
971 3915 1101 3984 artatus,
1117 3905 1198 3970 ostia
1223 3905 1356 3970 carceris
1379 3915 1509 3972 etseras
1525 3906 1566 3972 de
1587 3909 1698 3996 oppidi
1712 3911 1809 3978 valvis

424 4021 606 4100 extraxerit,
623 4031 655 4084 et
668 4017 818 4084 liberatus
833 4015 874 4081 ad
890 4015 1066 4081 Ecclesiam
1081 4015 1210 4081 venerit
1254 4037 1287 4102 p.
1303 4024 1378 4082 988.

345 4191 398 4250 96.
422 4175 595 4258 Quomodo
611 4176 741 4242 Pennus
751 4173 791 4239 B.
809 4171 978 4239 Cutbbcrti
990 4171 1044 4258 (ad
1059 4186 1183 4238 sanctas
1193 4171 1353 4240 Monieles
1368 4173 1409 4242 de
1422 4175 1588 4242 Cheshunt
1600 4177 1765 4246 AEditham
1776 4183 1806 4250 &

417 4293 576 4381 Agnetem
595 4309 654 4374 per
672 4285 847 4351 Ricardum
871 4283 1040 4350 sacristam
1056 4283 1208 4348 Dunelm.
1224 4285 1386 4372 quondam
1403 4287 1556 4352 Ecclesioe
1570 4289 1611 4354 de
1635 4291 1806 4360 Waltbam

422 4403 578 4470 decanum
593 4398 720 4480 missus)
736 4397 770 4460 in
791 4417 889 4484 aquas
910 4393 1069 4460 immissus
1090 4417 1156 4459 non
1178 4396 1282 4481 potuit
1303 4395 1471 4464 humorem
1494 4400 1680 4468 contrahere
1702 4405 1760 4470 &a
1775 4419 1808 4472 et

421 4513 583 4606 quomodo
597 4534 688 4601 aquae
703 4508 800 4596 ipsius
814 4507 931 4572 haustu
945 4507 1076 4572 Juvenis
1091 4506 1219 4594 quidam
1235 4507 1276 4573 de
1289 4521 1389 4598 guttae
1411 4510 1588 4578 inossatura
1602 4513 1643 4579 sit
1656 4514 1807 4584 liberatus

423 4635 481 4698 &a
526 4652 559 4716 p.
575 4636 650 4694 940.

346 4777 399 4839 97.
423 4767 477 4834 De
491 4763 630 4854 quodam
645 4771 819 4827 mercatore
834 4757 920 4845 apud
937 4757 1041 4836 Perte,
1060 4757 1175 4824 Scotiae
1190 4758 1357 4838 civitatem,
1372 4760 1501 4826 nomine
1518 4761 1694 4843 Radberto,
1710 4780 1806 4854 caput

424 4899 517 4944 suum
540 4896 664 4961 semper
686 4873 823 4951 dolente,
847 4867 1008 4958 quomodo
1028 4867 1141 4934 Panno
1164 4867 1204 4934 B.
1228 4869 1397 4936 Cuthberti
1413 4875 1521 4959 (quem
1536 4875 1629 4960 jussu
1652 4875 1804 4967 Hugonis

421 4989 574 5078 Episcopi
584 4985 736 5054 Dunelm.
748 4981 988 5049 circumferebat
999 4981 1121 5048 Alanus
1135 4981 1291 5066 Clericus)
1302 5005 1397 5071 super
1408 4997 1503 5071 caput
1511 4986 1609 5072 ipsius
1618 4993 1803 5077 composito,

422 5103 462 5169 sit
476 5113 602 5168 sanatus
616 5101 674 5166 &a
718 5120 750 5184 p.
766 5104 841 5162 944.

344 5251 396 5310 98.
419 5239 501 5306 Item
517 5238 557 5304 de
584 5235 723 5324 quodam
745 5234 857 5298 inserto
878 5243 910 5296 et
930 5229 1103 5296 furibundo
1124 5253 1183 5318 per
1203 5231 1350 5320 reliquias
1372 5233 1499 5298 easdem
1520 5234 1606 5321 apud
1629 5236 1804 5320 Ecclesiam
1929 5208 1931 5217 Ι

422 5349 609 5417 Stellensem
623 5370 686 5436 qua
695 5343 929 5412 Dumfermelin
940 5342 1056 5409 dicitur
1070 5343 1103 5410 in
1117 5342 1169 5408 die
1186 5343 1219 5410 S.
1243 5343 1438 5434 Margaretae
1462 5345 1596 5436 Reginae
1611 5363 1722 5415 sanato
1743 5353 1801 5418 &a

421 5485 454 5549 p.
470 5469 544 5529 946.

343 5607 396 5666 99.
419 5598 473 5665 De
488 5595 562 5662 Ade
579 5590 952 5681 comitissa-quomodo
965 5591 1005 5657 de
1022 5589 1216 5679 Hyctericiae
1230 5592 1384 5682 languore
1398 5593 1438 5659 sit
1452 5607 1561 5660 sanata
1574 5597 1632 5664 &a
1677 5620 1709 5686 p.
1726 5607 1800 5668 948.

319 5744 392 5802 100.
415 5731 587 5816 Quomodo
601 5731 642 5796 dc
663 5752 748 5820 geno
772 5729 926 5818 languore
948 5727 1137 5793 intolerabili
1162 5727 1274 5794 eadem
1297 5727 1467 5796 Conrifissa
1492 5731 1534 5796 sit
1554 5746 1664 5802 sanata
1685 5736 1800 5803 virtute

411 5843 460 5910 ‘B.
477 5843 655 5920 Cuthberti,
672 5841 857 5906 vestimento
871 5837 1008 5925 desuper
1032 5837 1136 5924 posito
1151 5851 1183 5903 et
1198 5839 1312 5904 Panno
1327 5839 1379 5906 Pii
1402 5839 1598 5910 Conlessoria
1613 5847 1715 5914 crucis
1737 5848 1803 5939 sig·

418 5955 533 6021 noculo
548 5977 643 6041 super
657 5954 820 6039 impresso.
864 5973 897 6037 p.
913 5959 987 6018 251.

323 6101 396 6168 101.
418 6091 472 6160 De
485 6091 624 6181 quodam
640 6091 784 6177 Paupere
798 6087 885 6176 apud
901 6085 1111 6154 Haddintuue
1125 6109 1183 6174 per
1198 6087 1236 6155 B.
1255 6087 1467 6158 cuthbertum
1481 6103 1601 6160 sanato.
1645 6115 1677 6181 p.
1693 6101 1771 6164 958.
