4630 7860
800 1015 988 1078 EC'CLESIAE
999 1017 1002 1026 ’
1014 1014 1291 1076 numanatis.

580 1299 691 1365 Habet
704 1276 779 1363 haec'
790 1297 917 1362 Tabula
932 1245 1105 1363 Columnas
1122 1306 1161 1375 53
1176 1295 1210 1360 in
1225 1316 1359 1382 quarum

362 1441 437 1525 (1⁸)
459 1437 597 1505 Notatur
611 1457 763 1508 numerus
777 1433 926 1520 Capitum
940 1433 1179 1499 hodiernomm

364 1553 438 1640 (2⁸)
460 1589 547 1603 —
563 1551 675 1614 Canon
690 1547 902 1624 harmonicus,
918 1545 960 1610 ad
975 1567 1069 1634 quem
1086 1545 1201 1631 Capita
1215 1543 1338 1632 singula
1353 1545 1493 1612 revocari
1506 1559 1648 1634 possunt.

364 1669 418 1750 (3Ιι
427 1665 548 1746 )—-
563 1661 722 1726 Numerus
739 1657 959 1744 Capitulorum
972 1657 1163 1720 breviorum.

278 1768 287 1780 ’
365 1777 546 1862 (13)-
561 1773 744 1866 Eorundem
761 1766 983 1856 Capitulorum
999 1767 1151 1832 Exordia.

365 1891 417 1971 (5¹
425 1888 545 1968 )-—
562 1861 734 1950 Clementis
749 1881 857 1960 Liber,
880 1883 910 1946 St
932 1881 1047 1966 Caput,
1070 1891 1102 1943 et
1124 1883 1157 1964 (a
1170 1903 1267 1958 manu
1281 1881 1468 1966 recentiore)
1493 1881 1660 1976 Folium,
1651 1908 1685 1949 ιιι
1700 1910 1763 1973 quo

279 2025 284 2056 ε
409 1997 579 2083 Capitula
569 2011 630 2062 rsta
642 1995 850 2082 explicantur.

281 2157 288 2168 ·
322 2145 353 2202 6.
376 2133 498 2198 Decem
514 2133 678 2198 Cartenna
693 2149 902 2208 nanuomcr,
919 2129 960 2192 ab
975 2127 1114 2193 Eusebio
1129 2125 1271 2192 confecti.

323 2277 352 2339 7.
376 2268 647 2333 Rnrro'onnrnrs
661 2267 694 2330 in
709 2265 758 2330 his
772 2265 860 2331 libris
875 2266 998 2345 serrati,
1014 2266 1137 2354 paginis
1154 2276 1183 2331 3.

323 2415 352 2471 3.
376 2403 496 2470 Totum
509 2403 658 2467 volumen
679 2401 797 2468 claudit
819 2407 852 2488 (a
865 2403 1032 2468 recentiori
1046 2424 1143 2466 manu
1157 2402 1290 2488 adjecta)
1318 2403 1462 2470 Tarauna
1484 2404 1765 2476 Evsncrmoauu

366 2515 643 2582 Donrurcamuru
670 2535 712 2578 nr
738 2514 991 2591 Fasrrvanrurm
1016 2515 1172 2579 annotatis
1196 2515 1289 2579 simul
1315 2515 1562 2604 Evangeliorum
1587 2519 1764 2606 Capitibus,

366 2627 506 2714 &hujus
523 2627 650 2692 Codicis
664 2625 755 2705 foliis,
771 2625 826 2690 ubi
840 2625 998 2715 leguntur.

324 2801 438 2868 Codex
452 2802 504 2866 bic
517 2801 647 2887 grandis
662 2811 709 2864 est
723 2811 755 2864 et
768 2797 997 2883 elephantinus,
1013 2799 1108 2862 totius
1118 2799 1325 2864 Bibliothecae
1335 2803 1491 2868 maximus
1502 2827 1511 2880 3
1526 2807 1723 2891 nequeenim
1733 2808 1768 2872 in

281 2915 392 3004 eodem
414 2937 487 2980 curn
508 2912 637 3000 reliquis
660 2911 768 2996 pluteo
791 2921 874 2978 stare
896 2921 1009 2996 potest.
1055 2909 1167 2974 Habet
1185 2910 1260 2974 folia
1283 2921 1375 2977 330.1
1400 2912 1589 3000 Descriptus
1610 2918 1768 2985 estlineis

279 3017 387 3092 divisis
409 3025 443 3088 in
464 3023 586 3101 medi03
612 3023 710 3088 literis
732 3021 928 3098 acuminatis,
953 3019 1099 3087 accurati
1121 3022 1294 3088 admodum
1315 3022 1473 3104 formatis3
1493 3031 1550 3112 ¹(ut
1564 3027 1647 3092 inter
1663 3027 1769 3100 Mstoa

280 3137 508 3224 pulcherrimos
522 3135 644 3200 censeri
657 3133 794 3216 debeat.)
839 3133 963 3198 Textus
977 3133 1106 3220 quidem
1118 3135 1307 3220 majoribus3
1330 3141 1476 3222 (quarum
1491 3149 1555 3204 tres
1569 3138 1662 3205 lineoe
1675 3141 1769 3226 polli-

281 3271 351 3314 cem
375 3270 473 3312 unum
492 3249 632 3334 aequant)
661 3245 913 3312 Commentarius
935 3245 1032 3330 pauld
1053 3246 1237 3314 minoribus.
1296 3245 1451 3312 Sed-haec
1474 3247 1597 3318 Tertiis
1619 3262 1651 3316 et
1672 3252 1769 3318 Com-

281 3359 424 3446 menterij
438 3357 597 3425 distinctio
610 3381 676 3423 non
686 3357 853 3424 deducitur
863 3357 947 3451 ultra
959 3356 1012 3421 fol.
1025 3366 1088 3428 247
1099 3383 1107 3422 r
1123 3381 1256 3444 sequens
1265 3359 1349 3424 enim
1361 3360 1464 3445 scriba
1478 3361 1617 3451 (elegans
1629 3364 1768 3452 quidem,

281 3472 337 3538 sed
352 3471 505 3558 superiori
523 3493 589 3536 non
604 3461 759 3558 aequalisl
772 3481 941 3557 utrumque
955 3470 1067 3551 eodem
1088 3469 1250 3534 literarum
1272 3493 1388 3559 genere
1410 3473 1559 3538 exaravit.
1606 3475 1770 3560 Scriptura

281 3583 389 3650 similis
404 3597 452 3649 est
466 3583 593 3648 Nicola'i
613 3583 654 3649 de
677 3582 763 3670 Lyrd
781 3583 930 3660 Postilla,
957 3604 1052 3668 qnam
1078 3581 1260 3648 Willelmus
1285 3581 1408 3668 Stiphel
1431 3583 1597 3671 descripsit
1618 3588 1668 3652 Aa
1689 3586 1768 3653 Dni.

284 3703 377 3775 1376,
394 3695 479 3782 (vide
493 3695 575 3760 infra
591 3695 671 3761 Cod
688 3697 733 3778 3.)
749 3707 781 3760 et
794 3693 934 3781 ejusdem
949 3693 1073 3759 videtur
1087 3695 1197 3760 etatis.

191 3965 230 4034 2.
250 3957 564 4033 Concoannurrn
592 3955 813 4030 Bramoamn
840 3953 1012 4028 Larasa.

326 4105 468 4194 Singulae
482 4104 608 4192 paginae
621 4101 740 4166 babent
753 4111 818 4166 tres
842 4101 1023 4178 columnas3
1046 4099 1165 4164 Literoe
1179 4097 1345 4163 mediocris
1361 4111 1435 4192 sunt
1455 4099 1690 4190 magnitudinis,
1711 4127 1771 4174 nec

281 4217 364 4282 mole
378 4215 530 4279 formatae.
1730 4207 1732 4214 ⁴

289 4349 293 4358 ’
326 4329 365 4393 Ιιι
381 4327 470 4391 initio
491 4325 564 4389 libri
585 4323 655 4388 hoec
670 4323 859 4389 adscribitur
872 4337 966 4390 nota:
992 4333 1013 4368 33
1025 4324 1123 4390 Liber
1140 4324 1247 4390 Sancti
1264 4324 1396 4390 Cuthltti
1417 4347 1458 4390 ex
1479 4329 1701 4412 procuratione
1714 4329 1772 4397 iris

285 4439 381 4506 Robti
396 4439 435 4502 de
452 4437 675 4524 Greystanes.''
711 4437 870 4506 Robertus
884 4437 937 4504 hic
951 4437 1068 4503 electus
1083 4449 1132 4502 est
1143 4437 1319 4524 Episcopus
1329 4437 1554 4506 Dunelmensia
1566 4437 1653 4506 A.D.
1668 4451 1771 4508 1333τ

287 4551 349 4617 Sed
363 4550 443 4614 liber
456 4549 509 4613 hic
524 4549 681 4636 antiquior
695 4560 761 4626 est3
783 4571 849 4612 non
863 4550 948 4614 enim
961 4549 1058 4614 habet
1073 4549 1247 4616 Particulas
1263 4548 1515 4630 Indeclinabiles,
1531 4575 1619 4640 quas,
1635 4576 1772 4622 corneas

285 4663 439 4726 omisisset
460 4659 562 4748 Hugo
583 4659 624 4724 de
647 4661 764 4725 Sancto
788 4660 882 4740 Caro,
908 4663 1040 4746 (primus
1068 4661 1372 4728 Concordantiarum
1402 4663 1589 4730 Latinarum
1613 4665 1771 4749 conditor)

285 4775 398 4861 adjecit
411 4783 522 4860 postea
535 4771 702 4838 Conradus
715 4772 970 4854 Halberstadius‚
981 4775 1104 4840 circiter
1115 4797 1233 4872 annum
1246 4783 1339 4842 1390.
1386 4775 1546 4862 Scriptus
1537 4789 1642 4891 itaque
1650 4777 1773 4844 videtur

286 4885 336 4950 hic
353 4885 465 4951 Codex
480 4895 552 4950 ante
566 4893 685 5016 annum
703 4893 796 4950 1300.

196 5146 838 5284 8.llrcoaarnaLrnAPosr1nun
864 5171 906 5223 m
929 5147 1260 5237 Panrarnmnuu,
1285 5171 1334 5225 nr
1360 5147 1503 5256 Lraaos
1522 5149 1770 5229 Hrsroarcos.

331 5298 371 5362 In
384 5295 487 5360 fronte
507 5297 578 5362 libri
592 5275 714 5372 nullum
736 5319 852 5364 nomen
867 5321 887 5362 a
906 5299 1009 5386 prima
1023 5319 1119 5364 manu
1140 5299 1273 5387 legitur.
1299 5298 1362 5364 Sed
1383 5297 1453 5362 baec
1476 5297 1593 5359 Nota
1583 5317 1616 5358 m
1638 5295 1703 5360 fine
1717 5296 1774 5391 ad·

286 5411 404 5496 scripta
418 5408 552 5473 ostendit
566 5421 598 5473 et
612 5409 704 5473 Libri
717 5410 854 5489 titulum,
869 5422 902 5475 et
918 5409 1038 5474 Scribae
1051 5431 1178 5492 nomen,
1194 5421 1226 5474 et
1238 5409 1365 5474 Codicis
1379 5408 1472 5492 hujus
1486 5417 1621 5470 oetatem.
1674 5405 1775 5474 “Ex-

288 5521 455 5607 “pliciunt
479 5521 630 5585 Postille
622 5541 656 5583 m
676 5521 738 5584 isto
752 5521 923 5586 Volumine
937 5531 1084 5584 contente
1105 5542 1200 5604 super
1221 5541 1330 5582 omnes
1352 5517 1449 5582 libros
1466 5515 1569 5582 Biblie
1583 5541 1603 5582 a
1616 5519 1775 5607 principio

288 5641 310 5678 33
325 5619 486 5698 Geneseoa
500 5653 601 5720 usque
623 5632 665 5709 ad
685 5633 875 5718 principium
896 5631 969 5695 libri
990 5631 1054 5697 Job
1068 5631 1151 5695 edite
1172 5651 1232 5716 per
1245 5629 1429 5718 magistrum
1445 5628 1636 5696 Nicholaum
1650 5629 1692 5696 de
1706 5631 1776 5719 lyra

288 5754 311 5794 33
327 5747 440 5812 Sancte
459 5745 618 5836 theologie
638 5746 801 5811 doctorem
817 5745 969 5810 Parisien.
992 5757 1024 5810 et
1038 5743 1158 5832 scripte
1174 5741 1375 5830 pernionum
1391 5743 1548 5809 Willelmi
1570 5743 1620 5808 de
1635 5737 1773 5829 Stiphol,

289 5866 365 5922 “ex
389 5870 540 5945 precepto
561 5858 682 5922 domini
707 5857 865 5924 Willelrni
891 5856 1032 5923 Blalrluw
1054 5879 1141 5924 sacre
1162 5856 1320 5946 theologie
1341 5855 1506 5942 beccalarij
1530 5869 1562 5922 et
1592 5840 1778 5942 Supprioris

290 5975 312 6011 u
325 5971 504 6058 monoaaj
528 5969 699 6038 masna
720 5991 805 6037 anno
827 5969 881 6036 aa
905 5968 1072 6036 miramo
1093 5968 1267 6036 cesama
1289 5967 1341 6034 aa
1360 5969 1424 6033 av.
1444 5967 1561 6035 mensa
1585 5967 1714 6055 Apsus.
1743 5947 1778 6034 re'

292 6087 314 6127 .
328 6079 481 6168 stim„
