<?xml version="1.0" encoding="UTF-8"?>
<!DOCTYPE html PUBLIC "-//W3C//DTD XHTML 1.0 Transitional//EN"
    "http://www.w3.org/TR/xhtml1/DTD/xhtml1-transitional.dtd">
<html xmlns="http://www.w3.org/1999/xhtml" xml:lang="en" lang="en">
 <head>
  <title>
</title>
<meta http-equiv="Content-Type" content="text/html;charset=utf-8" />
  <meta name='ocr-system' content='tesseract 3.04.00' />
  <meta name='ocr-capabilities' content='ocr_page ocr_carea ocr_par ocr_line ocrx_word'/>
</head>
<body>
  <div class='ocr_page' id='page_1' title='image "./codicummanuscri00librgoog/codicummanuscri00librgoog_0302.png"; bbox 0 0 4592 7850; ppageno 0'>
   <div class='ocr_carea' id='block_1_1' title="bbox 562 1025 1521 1110">
    <p class='ocr_par' dir='ltr' id='par_1_1' title="bbox 562 1025 1521 1110">
     <span class='ocr_line' id='line_1_1' title="bbox 562 1025 1521 1110; baseline -0.01 -10"><span class='ocrx_word' id='word_1_1' title='bbox 562 1025 636 1102; x_wconf 72' lang='lat'><strong>288</strong></span> <span class='ocrx_word' id='word_1_2' title='bbox 1084 1034 1242 1110; x_wconf 79' lang='lat' dir='ltr'><strong>contem</strong></span> <span class='ocrx_word' id='word_1_3' title='bbox 1266 1033 1521 1092; x_wconf 77' lang='lat' dir='ltr'><strong>urnnscmr</strong></span> 
     </span>
    </p>
   </div>
   <div class='ocr_carea' id='block_1_2' title="bbox 330 1244 2047 1774">
    <p class='ocr_par' dir='ltr' id='par_1_2' title="bbox 330 1244 2047 1774">
     <span class='ocr_line' id='line_1_2' title="bbox 330 1244 824 1330; baseline -0.016 -14"><span class='ocrx_word' id='word_1_4' title='bbox 330 1247 533 1330; x_wconf 79' lang='lat' dir='ltr'><strong>c,.111.15.</strong></span> <span class='ocrx_word' id='word_1_5' title='bbox 561 1258 591 1316; x_wconf 73' lang='lat' dir='ltr'><strong>u</strong></span> <span class='ocrx_word' id='word_1_6' title='bbox 614 1245 671 1314; x_wconf 70' lang='lat' dir='ltr'><strong>ue</strong></span> <span class='ocrx_word' id='word_1_7' title='bbox 689 1244 824 1312; x_wconf 57' lang='lat' dir='ltr'><strong>ceusu</strong></span> 
     </span>
     <span class='ocr_line' id='line_1_3' title="bbox 349 1347 2047 1441; baseline -0.004 -14"><span class='ocrx_word' id='word_1_8' title='bbox 349 1347 441 1390; x_wconf 64' lang='lat' dir='ltr'><strong>mm·</strong></span> <span class='ocrx_word' id='word_1_9' title='bbox 618 1359 672 1426; x_wconf 88' lang='lat' dir='ltr'><strong>Sic</strong></span> <span class='ocrx_word' id='word_1_10' title='bbox 685 1357 814 1441; x_wconf 88' lang='lat' dir='ltr'><strong>incipit:</strong></span> <span class='ocrx_word' id='word_1_11' title='bbox 839 1351 986 1418; x_wconf 87' lang='lat' dir='ltr'><strong>“Omnis</strong></span> <span class='ocrx_word' id='word_1_12' title='bbox 1011 1352 1115 1418; x_wconf 77' lang='lat' dir='ltr'><strong>Causa</strong></span> <span class='ocrx_word' id='word_1_13' title='bbox 1135 1353 1285 1439; x_wconf 75' lang='lat' dir='ltr'><strong>primaria</strong></span> <span class='ocrx_word' id='word_1_14' title='bbox 1309 1351 1381 1438; x_wconf 78' lang='lat' dir='ltr'><strong>plus</strong></span> <span class='ocrx_word' id='word_1_15' title='bbox 1404 1361 1453 1416; x_wconf 83' lang='lat' dir='ltr'><strong>est</strong></span> <span class='ocrx_word' id='word_1_16' title='bbox 1476 1351 1610 1416; x_wconf 85' lang='lat' dir='ltr'><strong>influens</strong></span> <span class='ocrx_word' id='word_1_17' title='bbox 1634 1371 1730 1437; x_wconf 85' lang='lat' dir='ltr'><strong>super</strong></span> <span class='ocrx_word' id='word_1_18' title='bbox 1754 1353 1928 1420; x_wconf 78' lang='lat' dir='ltr'><strong>Caueattun</strong></span> <span class='ocrx_word' id='word_1_19' title='bbox 1942 1379 2047 1436; x_wconf 78' lang='lat' dir='ltr'><strong>nuum,</strong></span> 
     </span>
     <span class='ocr_line' id='line_1_4' title="bbox 664 1463 1025 1555; baseline -0.006 -23"><span class='ocrx_word' id='word_1_20' title='bbox 664 1476 686 1510; x_wconf 78' lang='lat'><strong>⁸⁶</strong></span> <span class='ocrx_word' id='word_1_21' title='bbox 700 1485 795 1555; x_wconf 73' lang='lat' dir='ltr'><strong>quom</strong></span> <span class='ocrx_word' id='word_1_22' title='bbox 810 1463 1025 1530; x_wconf 79' lang='lat' dir='ltr'><strong>eecmtdntin.”</strong></span> 
     </span>
     <span class='ocr_line' id='line_1_5' title="bbox 618 1573 1830 1664; baseline -0.002 -18"><span class='ocrx_word' id='word_1_23' title='bbox 618 1581 700 1646; x_wconf 85' lang='lat' dir='ltr'>Sunt</span> <span class='ocrx_word' id='word_1_24' title='bbox 714 1578 885 1643; x_wconf 78' lang='lat' dir='ltr'><strong>Axiomntc</strong></span> <span class='ocrx_word' id='word_1_25' title='bbox 898 1575 1034 1663; x_wconf 74' lang='lat' dir='ltr'><strong>quedam</strong></span> <span class='ocrx_word' id='word_1_26' title='bbox 1049 1577 1168 1662; x_wconf 88' lang='lat' dir='ltr'><strong>(nescio</strong></span> <span class='ocrx_word' id='word_1_27' title='bbox 1182 1576 1284 1664; x_wconf 80' lang='lat' dir='ltr'><strong>cujus)</strong></span> <span class='ocrx_word' id='word_1_28' title='bbox 1298 1574 1339 1640; x_wconf 88' lang='lat' dir='ltr'><strong>de</strong></span> <span class='ocrx_word' id='word_1_29' title='bbox 1356 1573 1478 1654; x_wconf 54' lang='lat' dir='ltr'><strong>Caunis</strong></span> <span class='ocrx_word' id='word_1_30' title='bbox 1493 1593 1567 1641; x_wconf 78' lang='lat' dir='ltr'><strong>cum</strong></span> <span class='ocrx_word' id='word_1_31' title='bbox 1582 1573 1830 1644; x_wconf 71' lang='lat' dir='ltr'><strong>Omnemntio·</strong></span> 
     </span>
     <span class='ocr_line' id='line_1_6' title="bbox 620 1688 1148 1774; baseline 0.004 -20"><span class='ocrx_word' id='word_1_32' title='bbox 620 1692 769 1769; x_wconf 75' lang='lat' dir='ltr'><strong>Quotuor</strong></span> <span class='ocrx_word' id='word_1_33' title='bbox 782 1701 905 1756; x_wconf 69' lang='lat' dir='ltr'><strong>tontum</strong></span> <span class='ocrx_word' id='word_1_34' title='bbox 920 1689 1052 1774; x_wconf 75' lang='lat' dir='ltr'><strong>inplent</strong></span> <span class='ocrx_word' id='word_1_35' title='bbox 1064 1688 1148 1756; x_wconf 78' lang='lat' dir='ltr'><strong>folin.</strong></span> 
     </span>
    </p>
   </div>
   <div class='ocr_carea' id='block_1_3' title="bbox 562 1824 2146 3835">
    <p class='ocr_par' dir='ltr' id='par_1_3' title="bbox 564 1824 1006 1895">
     <span class='ocr_line' id='line_1_7' title="bbox 564 1824 1006 1895; baseline -0.014 -1"><span class='ocrx_word' id='word_1_36' title='bbox 564 1839 594 1895; x_wconf 84' lang='lat'><strong>8.</strong></span> <span class='ocrx_word' id='word_1_37' title='bbox 617 1827 673 1894; x_wconf 81' lang='lat' dir='ltr'><strong>Dn</strong></span> <span class='ocrx_word' id='word_1_38' title='bbox 689 1827 877 1892; x_wconf 77' lang='lat' dir='ltr'><strong>Auricume</strong></span> <span class='ocrx_word' id='word_1_39' title='bbox 895 1824 1006 1890; x_wconf 83' lang='lat' dir='ltr'><strong>Frnur.</strong></span> 
     </span>
    </p>

    <p class='ocr_par' dir='ltr' id='par_1_4' title="bbox 622 1919 2146 2133">
     <span class='ocr_line' id='line_1_8' title="bbox 622 1919 2146 2025; baseline 0 -19"><span class='ocrx_word' id='word_1_40' title='bbox 622 1941 675 2006; x_wconf 78' lang='lat' dir='ltr'><strong>sie</strong></span> <span class='ocrx_word' id='word_1_41' title='bbox 689 1939 799 2025; x_wconf 84' lang='lat' dir='ltr'><strong>incipit</strong></span> <span class='ocrx_word' id='word_1_42' title='bbox 814 1936 982 2003; x_wconf 59' lang='lat' dir='ltr'><strong>Proteo:</strong></span> <span class='ocrx_word' id='word_1_43' title='bbox 1007 1944 1029 1978; x_wconf 78' lang='lat'><strong>‘⁶</strong></span> <span class='ocrx_word' id='word_1_44' title='bbox 1041 1935 1188 2000; x_wconf 77' lang='lat' dir='ltr'><strong>Clemens</strong></span> <span class='ocrx_word' id='word_1_45' title='bbox 1205 1936 1303 2021; x_wconf 75' lang='lat' dir='ltr'><strong>Papo,</strong></span> <span class='ocrx_word' id='word_1_46' title='bbox 1326 1937 1414 2022; x_wconf 74' lang='lat' dir='ltr'><strong>cnjus</strong></span> <span class='ocrx_word' id='word_1_47' title='bbox 1437 1955 1505 2001; x_wconf 87' lang='lat' dir='ltr'><strong>rem</strong></span> <span class='ocrx_word' id='word_1_48' title='bbox 1527 1933 1600 2000; x_wconf 69' lang='lat' dir='ltr'><strong>vita</strong></span> <span class='ocrx_word' id='word_1_49' title='bbox 1613 1947 1646 2001; x_wconf 75' lang='lat' dir='ltr'><strong>et</strong></span> <span class='ocrx_word' id='word_1_50' title='bbox 1659 1937 1804 2016; x_wconf 78' lang='lat' dir='ltr'><strong>nominis,</strong></span> <span class='ocrx_word' id='word_1_51' title='bbox 1827 1937 1959 2024; x_wconf 72' lang='lat' dir='ltr'><strong>subjecti</strong></span> <span class='ocrx_word' id='word_1_52' title='bbox 1973 1961 2046 2006; x_wconf 77' lang='lat' dir='ltr'><strong>een·</strong></span> <span class='ocrx_word' id='word_1_53' title='bbox 2144 1919 2146 1924; x_wconf 68' lang='lat'>,</span> 
     </span>
     <span class='ocr_line' id='line_1_9' title="bbox 666 2046 1354 2133; baseline -0.01 -17"><span class='ocrx_word' id='word_1_54' title='bbox 666 2061 687 2093; x_wconf 91' lang='lat'>“</span> <span class='ocrx_word' id='word_1_55' title='bbox 700 2051 789 2128; x_wconf 84' lang='lat' dir='ltr'><strong>tiunt,</strong></span> <span class='ocrx_word' id='word_1_56' title='bbox 805 2061 837 2114; x_wconf 88' lang='lat' dir='ltr'><strong>ct</strong></span> <span class='ocrx_word' id='word_1_57' title='bbox 850 2061 886 2113; x_wconf 88' lang='lat' dir='ltr'><strong>tu</strong></span> <span class='ocrx_word' id='word_1_58' title='bbox 900 2070 920 2111; x_wconf 85' lang='lat' dir='ltr'><strong>c</strong></span> <span class='ocrx_word' id='word_1_59' title='bbox 934 2047 1076 2112; x_wconf 91' lang='lat' dir='ltr'><strong>Domino</strong></span> <span class='ocrx_word' id='word_1_60' title='bbox 1091 2046 1354 2133; x_wconf 76' lang='lat' dir='ltr'><strong>consequeris”-</strong></span> 
     </span>
    </p>

    <p class='ocr_par' dir='ltr' id='par_1_5' title="bbox 621 2155 2043 2340">
     <span class='ocr_line' id='line_1_10' title="bbox 621 2155 2043 2248; baseline -0.001 -18"><span class='ocrx_word' id='word_1_61' title='bbox 621 2163 759 2230; x_wconf 69' lang='lat' dir='ltr'><strong>Aridum</strong></span> <span class='ocrx_word' id='word_1_62' title='bbox 773 2162 910 2248; x_wconf 84' lang='lat' dir='ltr'><strong>primum</strong></span> <span class='ocrx_word' id='word_1_63' title='bbox 925 2159 987 2226; x_wconf 79' lang='lat' dir='ltr'><strong>ric:</strong></span> <span class='ocrx_word' id='word_1_64' title='bbox 1011 2167 1034 2202; x_wconf 88' lang='lat'>“</span> <span class='ocrx_word' id='word_1_65' title='bbox 1047 2159 1152 2226; x_wconf 78' lang='lat' dir='ltr'><strong>Cnusn</strong></span> <span class='ocrx_word' id='word_1_66' title='bbox 1164 2177 1331 2246; x_wconf 76' lang='lat' dir='ltr'><strong>perquam</strong></span> <span class='ocrx_word' id='word_1_67' title='bbox 1345 2155 1465 2246; x_wconf 73' lang='lat' dir='ltr'><strong>mquid</strong></span> <span class='ocrx_word' id='word_1_68' title='bbox 1486 2159 1609 2226; x_wconf 71' lang='lat' dir='ltr'><strong>diconn</strong></span> <span class='ocrx_word' id='word_1_69' title='bbox 1630 2179 1708 2242; x_wconf 80' lang='lat' dir='ltr'><strong>esee,</strong></span> <span class='ocrx_word' id='word_1_70' title='bbox 1722 2161 1809 2248; x_wconf 89' lang='lat' dir='ltr'><strong>qnod</strong></span> <span class='ocrx_word' id='word_1_71' title='bbox 1822 2161 1937 2230; x_wconf 87' lang='lat' dir='ltr'><strong>dicitur</strong></span> <span class='ocrx_word' id='word_1_72' title='bbox 1958 2163 2043 2230; x_wconf 78' lang='lat' dir='ltr'><strong>Ceu·</strong></span> 
     </span>
     <span class='ocr_line' id='line_1_11' title="bbox 667 2277 835 2340; baseline -0.012 0"><span class='ocrx_word' id='word_1_73' title='bbox 667 2283 688 2318; x_wconf 91' lang='lat'><strong>“</strong></span> <span class='ocrx_word' id='word_1_74' title='bbox 703 2277 835 2340; x_wconf 58' lang='lat' dir='ltr'><strong>satum?</strong></span> 
     </span>
    </p>

    <p class='ocr_par' dir='ltr' id='par_1_6' title="bbox 622 2379 1849 2469">
     <span class='ocr_line' id='line_1_12' title="bbox 622 2379 1849 2469; baseline -0.002 -17"><span class='ocrx_word' id='word_1_75' title='bbox 622 2387 762 2452; x_wconf 79' lang='lat' dir='ltr'><strong>Axidma</strong></span> <span class='ocrx_word' id='word_1_76' title='bbox 777 2385 968 2450; x_wconf 77' lang='lat' dir='ltr'><strong>secundum:</strong></span> <span class='ocrx_word' id='word_1_77' title='bbox 994 2391 1016 2426; x_wconf 73' lang='lat'><strong>‘⁴</strong></span> <span class='ocrx_word' id='word_1_78' title='bbox 1027 2381 1189 2469; x_wconf 83' lang='lat' dir='ltr'><strong>Quicquid</strong></span> <span class='ocrx_word' id='word_1_79' title='bbox 1202 2393 1251 2448; x_wconf 79' lang='lat' dir='ltr'><strong>ent</strong></span> <span class='ocrx_word' id='word_1_80' title='bbox 1265 2379 1372 2448; x_wconf 75' lang='lat' dir='ltr'><strong>Cum</strong></span> <span class='ocrx_word' id='word_1_81' title='bbox 1388 2383 1493 2448; x_wconf 67' lang='lat' dir='ltr'><strong>Conna</strong></span> <span class='ocrx_word' id='word_1_82' title='bbox 1506 2395 1554 2449; x_wconf 81' lang='lat' dir='ltr'><strong>est</strong></span> <span class='ocrx_word' id='word_1_83' title='bbox 1570 2381 1675 2449; x_wconf 73' lang='lat' dir='ltr'><strong>Crura</strong></span> <span class='ocrx_word' id='word_1_84' title='bbox 1689 2385 1849 2450; x_wconf 63' lang='lat' dir='ltr'><strong>Cruentil&#39;</strong></span> 
     </span>
    </p>

    <p class='ocr_par' dir='ltr' id='par_1_7' title="bbox 620 2491 2044 3032">
     <span class='ocr_line' id='line_1_13' title="bbox 620 2491 2038 2582; baseline -0.001 -19"><span class='ocrx_word' id='word_1_85' title='bbox 620 2493 710 2564; x_wconf 88' lang='lat' dir='ltr'><strong>Idem</strong></span> <span class='ocrx_word' id='word_1_86' title='bbox 725 2507 773 2562; x_wconf 82' lang='lat' dir='ltr'><strong>eet</strong></span> <span class='ocrx_word' id='word_1_87' title='bbox 786 2495 838 2561; x_wconf 89' lang='lat' dir='ltr'><strong>hic</strong></span> <span class='ocrx_word' id='word_1_88' title='bbox 852 2505 1001 2562; x_wconf 76' lang='lat' dir='ltr'><strong>nuctcnts</strong></span> <span class='ocrx_word' id='word_1_89' title='bbox 1015 2515 1087 2560; x_wconf 89' lang='lat' dir='ltr'><strong>cnm</strong></span> <span class='ocrx_word' id='word_1_90' title='bbox 1101 2515 1142 2560; x_wconf 86' lang='lat' dir='ltr'><strong>eo</strong></span> <span class='ocrx_word' id='word_1_91' title='bbox 1155 2495 1209 2582; x_wconf 89' lang='lat' dir='ltr'><strong>qui</strong></span> <span class='ocrx_word' id='word_1_92' title='bbox 1231 2495 1264 2558; x_wconf 84' lang='lat' dir='ltr'><strong>in</strong></span> <span class='ocrx_word' id='word_1_93' title='bbox 1286 2493 1348 2559; x_wconf 80' lang='lat' dir='ltr'><strong>ulio</strong></span> <span class='ocrx_word' id='word_1_94' title='bbox 1363 2491 1483 2560; x_wconf 85' lang='lat' dir='ltr'><strong>Codice</strong></span> <span class='ocrx_word' id='word_1_95' title='bbox 1504 2495 1590 2581; x_wconf 79' lang='lat' dir='ltr'><strong>(tide</strong></span> <span class='ocrx_word' id='word_1_96' title='bbox 1607 2495 1646 2560; x_wconf 86' lang='grc' dir='ltr'><strong>Β.</strong></span> <span class='ocrx_word' id='word_1_97' title='bbox 1663 2515 1706 2560; x_wconf 78' lang='lat' dir='ltr'><strong>rt.</strong></span> <span class='ocrx_word' id='word_1_98' title='bbox 1723 2495 1806 2562; x_wconf 83' lang='lat' dir='ltr'><strong>Cod.</strong></span> <span class='ocrx_word' id='word_1_99' title='bbox 1821 2505 1874 2564; x_wconf 75' lang='lat'><strong>20.</strong></span> <span class='ocrx_word' id='word_1_100' title='bbox 1889 2507 1977 2562; x_wconf 73' lang='lat' dir='ltr'><strong>tract</strong></span> <span class='ocrx_word' id='word_1_101' title='bbox 1992 2501 2038 2581; x_wconf 76' lang='lat'><strong>2.)</strong></span> 
     </span>
     <span class='ocr_line' id='line_1_14' title="bbox 664 2605 2042 2698; baseline 0.003 -26"><span class='ocrx_word' id='word_1_102' title='bbox 664 2620 792 2672; x_wconf 79' lang='lat' dir='ltr'><strong>vocatur</strong></span> <span class='ocrx_word' id='word_1_103' title='bbox 807 2608 871 2672; x_wconf 86' lang='lat' dir='ltr'><strong>Ars</strong></span> <span class='ocrx_word' id='word_1_104' title='bbox 887 2606 976 2672; x_wconf 87' lang='lat' dir='ltr'><strong>Fidei</strong></span> <span class='ocrx_word' id='word_1_105' title='bbox 993 2605 1166 2672; x_wconf 70' lang='lat' dir='ltr'><strong>Catholice.</strong></span> <span class='ocrx_word' id='word_1_106' title='bbox 1211 2607 1350 2672; x_wconf 75' lang='lat' dir='ltr'><strong>Axiomn</strong></span> <span class='ocrx_word' id='word_1_107' title='bbox 1363 2619 1468 2672; x_wconf 76' lang='lat' dir='ltr'><strong>cutem</strong></span> <span class='ocrx_word' id='word_1_108' title='bbox 1482 2609 1620 2692; x_wconf 88' lang='lat' dir='ltr'><strong>primum</strong></span> <span class='ocrx_word' id='word_1_109' title='bbox 1635 2607 1727 2694; x_wconf 83' lang='lat' dir='ltr'><strong>hujus</strong></span> <span class='ocrx_word' id='word_1_110' title='bbox 1743 2608 1826 2687; x_wconf 85' lang='lat' dir='ltr'><strong>iibri,</strong></span> <span class='ocrx_word' id='word_1_111' title='bbox 1848 2621 1881 2674; x_wconf 87' lang='lat' dir='ltr'><strong>et</strong></span> <span class='ocrx_word' id='word_1_112' title='bbox 1895 2611 2042 2698; x_wconf 90' lang='lat' dir='ltr'><strong>quicquid</strong></span> 
     </span>
     <span class='ocr_line' id='line_1_15' title="bbox 663 2719 2044 2810; baseline 0.002 -23"><span class='ocrx_word' id='word_1_113' title='bbox 663 2721 814 2809; x_wconf 76' lang='lat' dir='ltr'><strong>praeoedit</strong></span> <span class='ocrx_word' id='word_1_114' title='bbox 828 2721 967 2788; x_wconf 80' lang='lat' dir='ltr'><strong>Axidmn</strong></span> <span class='ocrx_word' id='word_1_115' title='bbox 982 2719 1164 2799; x_wconf 83' lang='lat' dir='ltr'><strong>secundum,</strong></span> <span class='ocrx_word' id='word_1_116' title='bbox 1181 2719 1344 2810; x_wconf 74' lang='lat' dir='ltr'><strong>distinguit</strong></span> <span class='ocrx_word' id='word_1_117' title='bbox 1358 2721 1416 2786; x_wconf 78' lang='lat' dir='ltr'><strong>inte</strong></span> <span class='ocrx_word' id='word_1_118' title='bbox 1433 2720 1546 2788; x_wconf 81' lang='lat' dir='ltr'>Codex</span> <span class='ocrx_word' id='word_1_119' title='bbox 1561 2723 1602 2788; x_wconf 83' lang='lat' dir='ltr'><strong>ub</strong></span> <span class='ocrx_word' id='word_1_120' title='bbox 1618 2722 1779 2802; x_wconf 75' lang='lat' dir='ltr'><strong>Articulis,</strong></span> <span class='ocrx_word' id='word_1_121' title='bbox 1802 2724 1877 2804; x_wconf 79' lang='lat' dir='ltr'><strong>rive,</strong></span> <span class='ocrx_word' id='word_1_122' title='bbox 1894 2727 2044 2790; x_wconf 79' lang='lat' dir='ltr'><strong>Aniena-</strong></span> 
     </span>
     <span class='ocr_line' id='line_1_16' title="bbox 662 2831 2043 2920; baseline 0.001 -22"><span class='ocrx_word' id='word_1_123' title='bbox 662 2835 746 2898; x_wconf 83' lang='lat' dir='ltr'><strong>tibus</strong></span> <span class='ocrx_word' id='word_1_124' title='bbox 760 2831 978 2920; x_wconf 72' lang='lat' dir='ltr'><strong>sequentibus:</strong></span> <span class='ocrx_word' id='word_1_125' title='bbox 1005 2835 1157 2920; x_wconf 76' lang='lat' dir='ltr'><strong>vocitque</strong></span> <span class='ocrx_word' id='word_1_126' title='bbox 1181 2832 1374 2898; x_wconf 77' lang='lat' dir='ltr'><strong>Communes</strong></span> <span class='ocrx_word' id='word_1_127' title='bbox 1400 2833 1645 2920; x_wconf 81' lang='lat' dir='ltr'><strong>Conceptionee.</strong></span> <span class='ocrx_word' id='word_1_128' title='bbox 1691 2837 1774 2900; x_wconf 88' lang='lat' dir='ltr'><strong>Sunt</strong></span> <span class='ocrx_word' id='word_1_129' title='bbox 1794 2850 1897 2902; x_wconf 79' lang='lat' dir='ltr'><strong>nutem</strong></span> <span class='ocrx_word' id='word_1_130' title='bbox 1922 2837 2043 2902; x_wconf 86' lang='lat' dir='ltr'><strong>Defini-</strong></span> 
     </span>
     <span class='ocr_line' id='line_1_17' title="bbox 662 2943 1712 3032; baseline 0.002 -22"><span class='ocrx_word' id='word_1_131' title='bbox 662 2945 763 3010; x_wconf 81' lang='lat' dir='ltr'><strong>tioncs</strong></span> <span class='ocrx_word' id='word_1_132' title='bbox 778 2965 890 3010; x_wconf 87' lang='lat' dir='ltr'><strong>vocum</strong></span> <span class='ocrx_word' id='word_1_133' title='bbox 905 2944 1111 3032; x_wconf 73' lang='lat' dir='ltr'><strong>quarundam,</strong></span> <span class='ocrx_word' id='word_1_134' title='bbox 1128 2945 1242 3032; x_wconf 87' lang='lat' dir='ltr'><strong>quibus</strong></span> <span class='ocrx_word' id='word_1_135' title='bbox 1257 2945 1289 3008; x_wconf 90' lang='lat' dir='ltr'><strong>in</strong></span> <span class='ocrx_word' id='word_1_136' title='bbox 1304 2943 1365 3010; x_wconf 85' lang='lat' dir='ltr'><strong>hoc</strong></span> <span class='ocrx_word' id='word_1_137' title='bbox 1379 2957 1514 3010; x_wconf 81' lang='lat' dir='ltr'><strong>trnctotu</strong></span> <span class='ocrx_word' id='word_1_138' title='bbox 1528 2967 1642 3010; x_wconf 78' lang='lat' dir='ltr'><strong>usurus</strong></span> <span class='ocrx_word' id='word_1_139' title='bbox 1655 2957 1712 3012; x_wconf 84' lang='lat' dir='ltr'><strong>eet.</strong></span> 
     </span>
    </p>

    <p class='ocr_par' dir='ltr' id='par_1_8' title="bbox 621 3055 2041 3252">
     <span class='ocr_line' id='line_1_18' title="bbox 621 3055 2041 3144; baseline 0.004 -22"><span class='ocrx_word' id='word_1_140' title='bbox 621 3057 660 3122; x_wconf 90' lang='lat' dir='ltr'><strong>lu</strong></span> <span class='ocrx_word' id='word_1_141' title='bbox 673 3055 735 3122; x_wconf 92' lang='lat' dir='ltr'><strong>hoc</strong></span> <span class='ocrx_word' id='word_1_142' title='bbox 750 3067 782 3122; x_wconf 85' lang='lat' dir='ltr'><strong>et</strong></span> <span class='ocrx_word' id='word_1_143' title='bbox 802 3056 992 3142; x_wconf 81' lang='lat' dir='ltr'><strong>praecedenti</strong></span> <span class='ocrx_word' id='word_1_144' title='bbox 1014 3069 1160 3136; x_wconf 71' lang='lat' dir='ltr'><strong>nnctntu,</strong></span> <span class='ocrx_word' id='word_1_145' title='bbox 1184 3057 1354 3124; x_wconf 76' lang='lat' dir='ltr'><strong>Axiomntc</strong></span> <span class='ocrx_word' id='word_1_146' title='bbox 1376 3056 1549 3144; x_wconf 76' lang='lat' dir='ltr'><strong>majoribus</strong></span> <span class='ocrx_word' id='word_1_147' title='bbox 1574 3057 1671 3123; x_wconf 84' lang='lat' dir='ltr'><strong>literis</strong></span> <span class='ocrx_word' id='word_1_148' title='bbox 1693 3059 1810 3144; x_wconf 74' lang='lat' dir='ltr'><strong>scriptu</strong></span> <span class='ocrx_word' id='word_1_149' title='bbox 1829 3073 1921 3139; x_wconf 79' lang='lat' dir='ltr'><strong>eunt:</strong></span> <span class='ocrx_word' id='word_1_150' title='bbox 1945 3061 2041 3127; x_wconf 90' lang='lat' dir='ltr'><strong>Com·</strong></span> 
     </span>
     <span class='ocr_line' id='line_1_19' title="bbox 660 3167 960 3252; baseline -0.007 -20"><span class='ocrx_word' id='word_1_151' title='bbox 660 3167 832 3233; x_wconf 81' lang='lat' dir='ltr'><strong>mentnriun</strong></span> <span class='ocrx_word' id='word_1_152' title='bbox 846 3167 960 3252; x_wconf 80' lang='lat' dir='ltr'><strong>purvir.</strong></span> 
     </span>
    </p>

    <p class='ocr_par' dir='ltr' id='par_1_9' title="bbox 562 3299 1038 3370">
     <span class='ocr_line' id='line_1_20' title="bbox 562 3299 1038 3370; baseline -0.008 0"><span class='ocrx_word' id='word_1_153' title='bbox 562 3311 592 3370; x_wconf 78' lang='lat'><strong>9.</strong></span> <span class='ocrx_word' id='word_1_154' title='bbox 616 3302 671 3370; x_wconf 75' lang='lat' dir='ltr'><strong>Dr</strong></span> <span class='ocrx_word' id='word_1_155' title='bbox 689 3303 903 3368; x_wconf 77' lang='lat' dir='ltr'><strong>Sunsuunrru</strong></span> <span class='ocrx_word' id='word_1_156' title='bbox 919 3299 1038 3366; x_wconf 77' lang='lat' dir='ltr'><strong>Ornis.</strong></span> 
     </span>
    </p>

    <p class='ocr_par' dir='ltr' id='par_1_10' title="bbox 618 3409 2042 3835">
     <span class='ocr_line' id='line_1_21' title="bbox 618 3409 2040 3502; baseline 0.001 -22"><span class='ocrx_word' id='word_1_157' title='bbox 618 3414 671 3480; x_wconf 89' lang='lat' dir='ltr'><strong>Sic</strong></span> <span class='ocrx_word' id='word_1_158' title='bbox 681 3413 806 3498; x_wconf 80' lang='lat' dir='ltr'><strong>incipit:</strong></span> <span class='ocrx_word' id='word_1_159' title='bbox 832 3421 853 3456; x_wconf 77' lang='lat'><strong>‘⁴</strong></span> <span class='ocrx_word' id='word_1_160' title='bbox 863 3413 903 3478; x_wconf 92' lang='lat' dir='ltr'><strong>In</strong></span> <span class='ocrx_word' id='word_1_161' title='bbox 914 3412 975 3478; x_wconf 92' lang='lat' dir='ltr'><strong>hoc</strong></span> <span class='ocrx_word' id='word_1_162' title='bbox 989 3422 1123 3478; x_wconf 64' lang='lat' dir='ltr'><strong>triento</strong></span> <span class='ocrx_word' id='word_1_163' title='bbox 1137 3409 1257 3478; x_wconf 82' lang='lat' dir='ltr'><strong>intendi</strong></span> <span class='ocrx_word' id='word_1_164' title='bbox 1270 3413 1460 3499; x_wconf 75' lang='lat' dir='ltr'><strong>perecrntmi</strong></span> <span class='ocrx_word' id='word_1_165' title='bbox 1480 3412 1522 3478; x_wconf 86' lang='lat' dir='ltr'><strong>de</strong></span> <span class='ocrx_word' id='word_1_166' title='bbox 1535 3411 1629 3478; x_wconf 72' lang='lat' dir='ltr'><strong>rebus</strong></span> <span class='ocrx_word' id='word_1_167' title='bbox 1650 3433 1692 3478; x_wconf 73' lang='lat' dir='ltr'><strong>ex</strong></span> <span class='ocrx_word' id='word_1_168' title='bbox 1712 3413 1826 3500; x_wconf 72' lang='lat' dir='ltr'><strong>quibus</strong></span> <span class='ocrx_word' id='word_1_169' title='bbox 1840 3417 2040 3502; x_wconf 82' lang='lat' dir='ltr'><strong>componitur</strong></span> 
     </span>
     <span class='ocr_line' id='line_1_22' title="bbox 662 3524 980 3610; baseline -0.003 -19"><span class='ocrx_word' id='word_1_170' title='bbox 662 3525 822 3610; x_wconf 80' lang='lat' dir='ltr'><strong>“Corpus</strong></span> <span class='ocrx_word' id='word_1_171' title='bbox 837 3524 980 3590; x_wconf 47' lang='lat' dir='ltr'><strong>edocet</strong></span> 
     </span>
     <span class='ocr_line' id='line_1_23' title="bbox 662 3633 2042 3724; baseline 0.001 -22"><span class='ocrx_word' id='word_1_172' title='bbox 662 3636 811 3702; x_wconf 84' lang='lat' dir='ltr'><strong>Occurrit</strong></span> <span class='ocrx_word' id='word_1_173' title='bbox 824 3653 921 3721; x_wconf 77' lang='lat' dir='ltr'><strong>cupre</strong></span> <span class='ocrx_word' id='word_1_174' title='bbox 942 3635 976 3700; x_wconf 88' lang='lat' dir='ltr'><strong>in</strong></span> <span class='ocrx_word' id='word_1_175' title='bbox 999 3633 1112 3702; x_wconf 89' lang='lat' dir='ltr'><strong>Pluteo</strong></span> <span class='ocrx_word' id='word_1_176' title='bbox 1127 3657 1151 3702; x_wconf 88' lang='lat'><strong>1.</strong></span> <span class='ocrx_word' id='word_1_177' title='bbox 1175 3635 1295 3702; x_wconf 81' lang='lat' dir='ltr'><strong>Codice</strong></span> <span class='ocrx_word' id='word_1_178' title='bbox 1320 3643 1369 3707; x_wconf 92' lang='grc'><strong>17.</strong></span> <span class='ocrx_word' id='word_1_179' title='bbox 1390 3647 1479 3702; x_wconf 79' lang='lat' dir='ltr'><strong>treet</strong></span> <span class='ocrx_word' id='word_1_180' title='bbox 1499 3645 1558 3702; x_wconf 78' lang='lat' dir='ltr'><strong>to:</strong></span> <span class='ocrx_word' id='word_1_181' title='bbox 1582 3651 1614 3700; x_wconf 87' lang='lat' dir='ltr'><strong>et</strong></span> <span class='ocrx_word' id='word_1_182' title='bbox 1635 3636 1669 3700; x_wconf 92' lang='lat' dir='ltr'><strong>in</strong></span> <span class='ocrx_word' id='word_1_183' title='bbox 1685 3635 1804 3703; x_wconf 82' lang='lat' dir='ltr'><strong>Codice</strong></span> <span class='ocrx_word' id='word_1_184' title='bbox 1824 3637 1970 3724; x_wconf 68' lang='lat' dir='ltr'><strong>proximi</strong></span> <span class='ocrx_word' id='word_1_185' title='bbox 1991 3663 2042 3704; x_wconf 70' lang='lat' dir='ltr'><strong>se</strong></span> 
     </span>
     <span class='ocr_line' id='line_1_24' title="bbox 660 3747 929 3835; baseline -0.004 -24"><span class='ocrx_word' id='word_1_186' title='bbox 660 3747 778 3835; x_wconf 81' lang='lat' dir='ltr'><strong>quenti,</strong></span> <span class='ocrx_word' id='word_1_187' title='bbox 794 3757 882 3812; x_wconf 78' lang='lat' dir='ltr'><strong>tract.</strong></span> <span class='ocrx_word' id='word_1_188' title='bbox 899 3753 929 3812; x_wconf 97' lang='grc'><strong>5.</strong></span> 
     </span>
    </p>
   </div>
   <div class='ocr_carea' id='block_1_4' title="bbox 475 4055 1728 4138">
    <p class='ocr_par' dir='ltr' id='par_1_11' title="bbox 475 4055 1728 4138">
     <span class='ocr_line' id='line_1_25' title="bbox 475 4055 1728 4138; baseline 0 -6"><span class='ocrx_word' id='word_1_189' title='bbox 475 4057 533 4134; x_wconf 89' lang='lat'><strong>16.</strong></span> <span class='ocrx_word' id='word_1_190' title='bbox 560 4056 755 4132; x_wconf 83' lang='lat' dir='ltr'><strong>Avnnnore</strong></span> <span class='ocrx_word' id='word_1_191' title='bbox 772 4057 1050 4132; x_wconf 78' lang='lat' dir='ltr'><strong>Couueurnnu</strong></span> <span class='ocrx_word' id='word_1_192' title='bbox 1068 4079 1109 4128; x_wconf 82' lang='lat' dir='ltr'><strong>ru</strong></span> <span class='ocrx_word' id='word_1_193' title='bbox 1127 4079 1291 4138; x_wconf 78' lang='lat' dir='ltr'><strong>rnronor</strong></span> <span class='ocrx_word' id='word_1_194' title='bbox 1310 4055 1563 4132; x_wconf 74' lang='lat' dir='ltr'><strong>Animorum:</strong></span> <span class='ocrx_word' id='word_1_195' title='bbox 1583 4080 1728 4132; x_wconf 77' lang='lat' dir='ltr'><strong>urceos.</strong></span> 
     </span>
    </p>
   </div>
   <div class='ocr_carea' id='block_1_5' title="bbox 562 4203 2042 4848">
    <p class='ocr_par' dir='ltr' id='par_1_12' title="bbox 562 4203 2042 4848">
     <span class='ocr_line' id='line_1_26' title="bbox 562 4203 989 4270; baseline -0.005 0"><span class='ocrx_word' id='word_1_196' title='bbox 562 4213 590 4270; x_wconf 86' lang='lat'><strong>1.</strong></span> <span class='ocrx_word' id='word_1_197' title='bbox 614 4203 670 4270; x_wconf 79' lang='lat' dir='ltr'><strong>Dr</strong></span> <span class='ocrx_word' id='word_1_198' title='bbox 686 4207 810 4270; x_wconf 76' lang='lat' dir='ltr'><strong>Arrun</strong></span> <span class='ocrx_word' id='word_1_199' title='bbox 824 4223 943 4270; x_wconf 78' lang='lat' dir='ltr'><strong>cunnos</strong></span> <span class='ocrx_word' id='word_1_200' title='bbox 959 4213 989 4270; x_wconf 76' lang='grc'><strong>8.</strong></span> 
     </span>
     <span class='ocr_line' id='line_1_27' title="bbox 662 4312 1401 4400; baseline 0 -20"><span class='ocrx_word' id='word_1_201' title='bbox 662 4315 715 4380; x_wconf 90' lang='lat' dir='ltr'><strong>Sic</strong></span> <span class='ocrx_word' id='word_1_202' title='bbox 730 4315 857 4400; x_wconf 88' lang='lat' dir='ltr'><strong>incipit:</strong></span> <span class='ocrx_word' id='word_1_203' title='bbox 883 4321 904 4356; x_wconf 87' lang='lat'><strong>“</strong></span> <span class='ocrx_word' id='word_1_204' title='bbox 916 4312 1057 4380; x_wconf 83' lang='lat' dir='ltr'><strong>Intendit</strong></span> <span class='ocrx_word' id='word_1_205' title='bbox 1066 4335 1124 4399; x_wconf 87' lang='lat' dir='ltr'><strong>per</strong></span> <span class='ocrx_word' id='word_1_206' title='bbox 1135 4313 1401 4380; x_wconf 52' lang='lat' dir='ltr'><strong>subditiuo&amp;-</strong></span> 
     </span>
     <span class='ocr_line' id='line_1_28' title="bbox 619 4425 1985 4517; baseline 0.003 -25"><span class='ocrx_word' id='word_1_207' title='bbox 619 4425 709 4492; x_wconf 92' lang='lat' dir='ltr'><strong>Huic</strong></span> <span class='ocrx_word' id='word_1_208' title='bbox 725 4425 962 4490; x_wconf 76' lang='lat' dir='ltr'><strong>Commentnrio</strong></span> <span class='ocrx_word' id='word_1_209' title='bbox 975 4425 1098 4490; x_wconf 83' lang='lat' dir='ltr'><strong>Textue</strong></span> <span class='ocrx_word' id='word_1_210' title='bbox 1112 4425 1283 4512; x_wconf 73' lang='lat' dir='ltr'><strong>majoribus</strong></span> <span class='ocrx_word' id='word_1_211' title='bbox 1297 4427 1395 4492; x_wconf 81' lang='lat' dir='ltr'><strong>literis</strong></span> <span class='ocrx_word' id='word_1_212' title='bbox 1409 4426 1610 4517; x_wconf 74' lang='lat' dir='ltr'><strong>adjungitur:</strong></span> <span class='ocrx_word' id='word_1_213' title='bbox 1626 4427 1659 4492; x_wconf 91' lang='lat' dir='ltr'><strong>in</strong></span> <span class='ocrx_word' id='word_1_214' title='bbox 1674 4429 1874 4516; x_wconf 83' lang='lat' dir='ltr'><strong>sequentibus</strong></span> <span class='ocrx_word' id='word_1_215' title='bbox 1889 4431 1985 4496; x_wconf 79' lang='lat' dir='ltr'><strong>deest</strong></span> 
     </span>
     <span class='ocr_line' id='line_1_29' title="bbox 618 4535 2042 4626; baseline 0.004 -22"><span class='ocrx_word' id='word_1_216' title='bbox 618 4535 766 4604; x_wconf 88' lang='lat' dir='ltr'><strong>Occurrit</strong></span> <span class='ocrx_word' id='word_1_217' title='bbox 782 4535 1034 4604; x_wconf 70' lang='lat' dir='ltr'><strong>Commentariun</strong></span> <span class='ocrx_word' id='word_1_218' title='bbox 1047 4535 1101 4602; x_wconf 92' lang='lat' dir='ltr'><strong>hic</strong></span> <span class='ocrx_word' id='word_1_219' title='bbox 1121 4559 1194 4602; x_wconf 87' lang='lat' dir='ltr'><strong>cnm</strong></span> <span class='ocrx_word' id='word_1_220' title='bbox 1217 4538 1418 4604; x_wconf 81' lang='lat' dir='ltr'><strong>Aristotelico</strong></span> <span class='ocrx_word' id='word_1_221' title='bbox 1439 4551 1538 4618; x_wconf 79' lang='lat' dir='ltr'><strong>textu,</strong></span> <span class='ocrx_word' id='word_1_222' title='bbox 1562 4562 1667 4626; x_wconf 73' lang='lat' dir='ltr'><strong>supra,</strong></span> <span class='ocrx_word' id='word_1_223' title='bbox 1690 4541 1723 4606; x_wconf 87' lang='lat' dir='ltr'><strong>in</strong></span> <span class='ocrx_word' id='word_1_224' title='bbox 1746 4541 1858 4608; x_wconf 89' lang='lat' dir='ltr'><strong>Pluteo</strong></span> <span class='ocrx_word' id='word_1_225' title='bbox 1881 4565 1904 4608; x_wconf 86' lang='lat'><strong>1.</strong></span> <span class='ocrx_word' id='word_1_226' title='bbox 1921 4543 2042 4610; x_wconf 82' lang='lat' dir='ltr'><strong>Codice</strong></span> 
     </span>
     <span class='ocr_line' id='line_1_30' title="bbox 664 4649 1536 4720; baseline 0.001 -4"><span class='ocrx_word' id='word_1_227' title='bbox 664 4659 713 4720; x_wconf 90' lang='grc'><strong>17.</strong></span> <span class='ocrx_word' id='word_1_228' title='bbox 728 4663 760 4716; x_wconf 89' lang='lat' dir='ltr'><strong>ct</strong></span> <span class='ocrx_word' id='word_1_229' title='bbox 774 4661 864 4716; x_wconf 84' lang='lat' dir='ltr'><strong>trcct</strong></span> <span class='ocrx_word' id='word_1_230' title='bbox 880 4660 910 4716; x_wconf 81' lang='grc'><strong>8.</strong></span> <span class='ocrx_word' id='word_1_231' title='bbox 940 4651 1018 4714; x_wconf 87' lang='lat' dir='ltr'><strong>etin</strong></span> <span class='ocrx_word' id='word_1_232' title='bbox 1035 4649 1148 4716; x_wconf 89' lang='lat' dir='ltr'><strong>Pluteo</strong></span> <span class='ocrx_word' id='word_1_233' title='bbox 1164 4671 1217 4716; x_wconf 84' lang='lat'>111.</span> <span class='ocrx_word' id='word_1_234' title='bbox 1235 4650 1316 4716; x_wconf 91' lang='lat' dir='ltr'><strong>Cod.</strong></span> <span class='ocrx_word' id='word_1_235' title='bbox 1335 4661 1384 4718; x_wconf 92' lang='grc'><strong>15.</strong></span> <span class='ocrx_word' id='word_1_236' title='bbox 1399 4665 1489 4717; x_wconf 76' lang='lat' dir='ltr'><strong>tract</strong></span> <span class='ocrx_word' id='word_1_237' title='bbox 1505 4661 1536 4717; x_wconf 76' lang='grc'><strong>7.</strong></span> 
     </span>
     <span class='ocr_line' id='line_1_31' title="bbox 619 4761 2032 4848; baseline 0.004 -20"><span class='ocrx_word' id='word_1_238' title='bbox 619 4761 663 4828; x_wconf 89' lang='lat' dir='ltr'><strong>Et</strong></span> <span class='ocrx_word' id='word_1_239' title='bbox 678 4761 864 4828; x_wconf 76' lang='lat' dir='ltr'><strong>Aristoteles</strong></span> <span class='ocrx_word' id='word_1_240' title='bbox 878 4761 945 4828; x_wconf 83' lang='lat' dir='ltr'><strong>sine</strong></span> <span class='ocrx_word' id='word_1_241' title='bbox 960 4761 1113 4841; x_wconf 63' lang='lat' dir='ltr'><strong>Averni,</strong></span> <span class='ocrx_word' id='word_1_242' title='bbox 1128 4783 1225 4848; x_wconf 80' lang='lat' dir='ltr'><strong>euprr</strong></span> <span class='ocrx_word' id='word_1_243' title='bbox 1240 4762 1322 4828; x_wconf 86' lang='lat' dir='ltr'><strong>Cod.</strong></span> <span class='ocrx_word' id='word_1_244' title='bbox 1341 4772 1391 4830; x_wconf 76' lang='grc'><strong>11.</strong></span> <span class='ocrx_word' id='word_1_245' title='bbox 1405 4776 1496 4830; x_wconf 72' lang='lat' dir='ltr'><strong>tract.</strong></span> <span class='ocrx_word' id='word_1_246' title='bbox 1511 4773 1545 4832; x_wconf 78' lang='lat'><strong>8.</strong></span> <span class='ocrx_word' id='word_1_247' title='bbox 1577 4779 1608 4832; x_wconf 88' lang='lat' dir='ltr'><strong>et</strong></span> <span class='ocrx_word' id='word_1_248' title='bbox 1623 4764 1714 4846; x_wconf 72' lang='lat' dir='ltr'><strong>inira,</strong></span> <span class='ocrx_word' id='word_1_249' title='bbox 1731 4765 1810 4832; x_wconf 86' lang='lat' dir='ltr'><strong>Cod.</strong></span> <span class='ocrx_word' id='word_1_250' title='bbox 1830 4773 1879 4836; x_wconf 89' lang='grc'><strong>17.</strong></span> <span class='ocrx_word' id='word_1_251' title='bbox 1896 4778 1985 4832; x_wconf 81' lang='lat' dir='ltr'><strong>tract</strong></span> <span class='ocrx_word' id='word_1_252' title='bbox 2002 4777 2032 4834; x_wconf 86' lang='lat'><strong>8.</strong></span> 
     </span>
    </p>
   </div>
   <div class='ocr_carea' id='block_1_6' title="bbox 561 4897 1573 5307">
    <p class='ocr_par' dir='ltr' id='par_1_13' title="bbox 561 4897 1573 5307">
     <span class='ocr_line' id='line_1_32' title="bbox 561 4897 1278 4966; baseline 0.004 -2"><span class='ocrx_word' id='word_1_253' title='bbox 561 4906 592 4964; x_wconf 75' lang='lat'><strong>2.</strong></span> <span class='ocrx_word' id='word_1_254' title='bbox 614 4899 671 4965; x_wconf 84' lang='lat' dir='ltr'><strong>Dn</strong></span> <span class='ocrx_word' id='word_1_255' title='bbox 687 4897 941 4964; x_wconf 78' lang='lat' dir='ltr'><strong>Gnunrurroun</strong></span> <span class='ocrx_word' id='word_1_256' title='bbox 957 4917 1000 4962; x_wconf 79' lang='lat' dir='ltr'><strong>nn</strong></span> <span class='ocrx_word' id='word_1_257' title='bbox 1015 4897 1278 4966; x_wconf 75' lang='lat' dir='ltr'><strong>Connomronr.</strong></span> 
     </span>
     <span class='ocr_line' id='line_1_33' title="bbox 620 5009 1558 5100; baseline 0.002 -24"><span class='ocrx_word' id='word_1_258' title='bbox 620 5010 673 5076; x_wconf 91' lang='lat' dir='ltr'><strong>Sic</strong></span> <span class='ocrx_word' id='word_1_259' title='bbox 687 5009 813 5094; x_wconf 91' lang='lat' dir='ltr'><strong>incipit:</strong></span> <span class='ocrx_word' id='word_1_260' title='bbox 838 5017 860 5051; x_wconf 83' lang='lat'><strong>‘⁴</strong></span> <span class='ocrx_word' id='word_1_261' title='bbox 872 5009 1010 5074; x_wconf 84' lang='lat' dir='ltr'><strong>Intentio</strong></span> <span class='ocrx_word' id='word_1_262' title='bbox 1023 5011 1057 5074; x_wconf 94' lang='lat' dir='ltr'><strong>in</strong></span> <span class='ocrx_word' id='word_1_263' title='bbox 1071 5010 1133 5077; x_wconf 93' lang='lat' dir='ltr'><strong>hoc</strong></span> <span class='ocrx_word' id='word_1_264' title='bbox 1147 5011 1230 5077; x_wconf 88' lang='lat' dir='ltr'><strong>libro</strong></span> <span class='ocrx_word' id='word_1_265' title='bbox 1244 5025 1292 5078; x_wconf 81' lang='lat' dir='ltr'><strong>est</strong></span> <span class='ocrx_word' id='word_1_266' title='bbox 1305 5009 1391 5100; x_wconf 80' lang='lat' dir='ltr'><strong>qudd</strong></span> <span class='ocrx_word' id='word_1_267' title='bbox 1405 5014 1558 5098; x_wconf 82' lang='lat' dir='ltr'><strong>oportet”</strong></span> 
     </span>
     <span class='ocr_line' id='line_1_34' title="bbox 619 5121 1573 5206; baseline 0.003 -19"><span class='ocrx_word' id='word_1_268' title='bbox 619 5121 768 5187; x_wconf 85' lang='lat' dir='ltr'><strong>Occurrit</strong></span> <span class='ocrx_word' id='word_1_269' title='bbox 782 5143 888 5206; x_wconf 78' lang='lat' dir='ltr'><strong>supra,</strong></span> <span class='ocrx_word' id='word_1_270' title='bbox 904 5143 977 5186; x_wconf 90' lang='lat' dir='ltr'><strong>cum</strong></span> <span class='ocrx_word' id='word_1_271' title='bbox 991 5121 1170 5188; x_wconf 75' lang='lat' dir='ltr'><strong>Aristotelio</strong></span> <span class='ocrx_word' id='word_1_272' title='bbox 1185 5122 1304 5204; x_wconf 79' lang='lat' dir='ltr'><strong>Textu,</strong></span> <span class='ocrx_word' id='word_1_273' title='bbox 1320 5123 1402 5190; x_wconf 87' lang='lat' dir='ltr'><strong>Cod.</strong></span> <span class='ocrx_word' id='word_1_274' title='bbox 1421 5131 1470 5192; x_wconf 83' lang='lat'><strong>15.</strong></span> <span class='ocrx_word' id='word_1_275' title='bbox 1485 5137 1525 5190; x_wconf 87' lang='lat' dir='ltr'><strong>tr.</strong></span> <span class='ocrx_word' id='word_1_276' title='bbox 1544 5131 1573 5190; x_wconf 86' lang='lat'><strong>1.</strong></span> 
     </span>
     <span class='ocr_line' id='line_1_35' title="bbox 622 5231 1498 5307; baseline 0.003 -8"><span class='ocrx_word' id='word_1_277' title='bbox 622 5233 666 5299; x_wconf 85' lang='lat' dir='ltr'><strong>Et</strong></span> <span class='ocrx_word' id='word_1_278' title='bbox 680 5233 747 5300; x_wconf 79' lang='lat' dir='ltr'><strong>sine</strong></span> <span class='ocrx_word' id='word_1_279' title='bbox 762 5231 974 5298; x_wconf 68' lang='lat' dir='ltr'><strong>Anemoleia</strong></span> <span class='ocrx_word' id='word_1_280' title='bbox 990 5232 1104 5300; x_wconf 78' lang='lat' dir='ltr'><strong>Pluteo</strong></span> <span class='ocrx_word' id='word_1_281' title='bbox 1119 5257 1143 5302; x_wconf 89' lang='lat'><strong>1.</strong></span> <span class='ocrx_word' id='word_1_282' title='bbox 1160 5235 1280 5304; x_wconf 72' lang='lat' dir='ltr'><strong>(lodice</strong></span> <span class='ocrx_word' id='word_1_283' title='bbox 1297 5245 1347 5307; x_wconf 79' lang='grc'><strong>17.</strong></span> <span class='ocrx_word' id='word_1_284' title='bbox 1362 5249 1451 5302; x_wconf 75' lang='lat' dir='ltr'><strong>naec</strong></span> <span class='ocrx_word' id='word_1_285' title='bbox 1467 5245 1498 5302; x_wconf 82' lang='lat' dir='ltr'><strong>e.</strong></span> 
     </span>
    </p>
   </div>
   <div class='ocr_carea' id='block_1_7' title="bbox 623 5343 2040 5524">
    <p class='ocr_par' dir='ltr' id='par_1_14' title="bbox 623 5343 2040 5524">
     <span class='ocr_line' id='line_1_36' title="bbox 623 5343 2040 5440; baseline 0.005 -29"><span class='ocrx_word' id='word_1_286' title='bbox 623 5345 667 5412; x_wconf 89' lang='lat' dir='ltr'><strong>Et</strong></span> <span class='ocrx_word' id='word_1_287' title='bbox 688 5343 873 5411; x_wconf 74' lang='lat' dir='ltr'><strong>Aristotelen</strong></span> <span class='ocrx_word' id='word_1_288' title='bbox 896 5345 963 5410; x_wconf 75' lang='lat' dir='ltr'><strong>eine</strong></span> <span class='ocrx_word' id='word_1_289' title='bbox 985 5345 1138 5427; x_wconf 62' lang='lat' dir='ltr'><strong>manoe,</strong></span> <span class='ocrx_word' id='word_1_290' title='bbox 1162 5369 1259 5435; x_wconf 76' lang='lat' dir='ltr'><strong>cupre</strong></span> <span class='ocrx_word' id='word_1_291' title='bbox 1282 5348 1364 5416; x_wconf 81' lang='lat' dir='ltr'><strong>eod.</strong></span> <span class='ocrx_word' id='word_1_292' title='bbox 1387 5356 1438 5427; x_wconf 79' lang='grc'><strong>11,</strong></span> <span class='ocrx_word' id='word_1_293' title='bbox 1454 5359 1542 5415; x_wconf 70' lang='lat' dir='ltr'><strong>noct.</strong></span> <span class='ocrx_word' id='word_1_294' title='bbox 1566 5356 1596 5414; x_wconf 77' lang='lat'><strong>2.</strong></span> <span class='ocrx_word' id='word_1_295' title='bbox 1633 5359 1666 5414; x_wconf 88' lang='lat' dir='ltr'><strong>et</strong></span> <span class='ocrx_word' id='word_1_296' title='bbox 1687 5349 1721 5414; x_wconf 93' lang='lat' dir='ltr'><strong>in</strong></span> <span class='ocrx_word' id='word_1_297' title='bbox 1746 5349 1865 5416; x_wconf 84' lang='lat' dir='ltr'><strong>Codice</strong></span> <span class='ocrx_word' id='word_1_298' title='bbox 1891 5353 2040 5440; x_wconf 87' lang='lat' dir='ltr'><strong>sequenti,</strong></span> 
     </span>
     <span class='ocr_line' id='line_1_37' title="bbox 664 5466 800 5524; baseline -0.015 0"><span class='ocrx_word' id='word_1_299' title='bbox 664 5469 753 5524; x_wconf 72' lang='lat' dir='ltr'><strong>mci.</strong></span> <span class='ocrx_word' id='word_1_300' title='bbox 769 5466 800 5522; x_wconf 73' lang='lat'><strong>4.</strong></span> 
     </span>
    </p>
   </div>
   <div class='ocr_carea' id='block_1_8' title="bbox 565 5591 2042 6122">
    <p class='ocr_par' dir='ltr' id='par_1_15' title="bbox 565 5591 2042 6122">
     <span class='ocr_line' id='line_1_38' title="bbox 565 5591 1274 5674; baseline -0.008 -12"><span class='ocrx_word' id='word_1_301' title='bbox 565 5604 596 5662; x_wconf 81' lang='lat' dir='ltr'><strong>t.</strong></span> <span class='ocrx_word' id='word_1_302' title='bbox 617 5593 674 5660; x_wconf 84' lang='lat' dir='ltr'><strong>Dn</strong></span> <span class='ocrx_word' id='word_1_303' title='bbox 691 5591 817 5659; x_wconf 77' lang='lat' dir='ltr'><strong>Mem</strong></span> <span class='ocrx_word' id='word_1_304' title='bbox 833 5613 876 5658; x_wconf 77' lang='lat' dir='ltr'><strong>m·</strong></span> <span class='ocrx_word' id='word_1_305' title='bbox 891 5591 990 5660; x_wconf 78' lang='lat' dir='ltr'><strong>Vim.</strong></span> <span class='ocrx_word' id='word_1_306' title='bbox 1265 5659 1274 5674; x_wconf 66' lang='lat'>‚</span> 
     </span>
     <span class='ocr_line' id='line_1_39' title="bbox 625 5703 2042 5794; baseline 0.003 -25"><span class='ocrx_word' id='word_1_307' title='bbox 625 5705 677 5770; x_wconf 82' lang='lat' dir='ltr'><strong>Sic</strong></span> <span class='ocrx_word' id='word_1_308' title='bbox 691 5703 818 5790; x_wconf 87' lang='lat' dir='ltr'><strong>incipit:</strong></span> <span class='ocrx_word' id='word_1_309' title='bbox 844 5703 917 5771; x_wconf 84' lang='lat' dir='ltr'><strong>“In</strong></span> <span class='ocrx_word' id='word_1_310' title='bbox 930 5703 993 5772; x_wconf 86' lang='lat' dir='ltr'><strong>hoc</strong></span> <span class='ocrx_word' id='word_1_311' title='bbox 1005 5717 1140 5772; x_wconf 73' lang='lat' dir='ltr'><strong>tractent</strong></span> <span class='ocrx_word' id='word_1_312' title='bbox 1153 5719 1367 5794; x_wconf 75' lang='lat' dir='ltr'><strong>perscrutetur</strong></span> <span class='ocrx_word' id='word_1_313' title='bbox 1387 5706 1428 5772; x_wconf 83' lang='lat' dir='ltr'><strong>de</strong></span> <span class='ocrx_word' id='word_1_314' title='bbox 1449 5705 1561 5771; x_wconf 77' lang='lat' dir='ltr'><strong>Crucis</strong></span> <span class='ocrx_word' id='word_1_315' title='bbox 1585 5705 1808 5794; x_wconf 77' lang='lat' dir='ltr'><strong>longitudinis</strong></span> <span class='ocrx_word' id='word_1_316' title='bbox 1828 5723 1862 5775; x_wconf 88' lang='lat' dir='ltr'><strong>et</strong></span> <span class='ocrx_word' id='word_1_317' title='bbox 1878 5709 2042 5776; x_wconf 69' lang='lat' dir='ltr'><strong>Brevitati:</strong></span> 
     </span>
     <span class='ocr_line' id='line_1_40' title="bbox 667 5815 806 5881; baseline 0.014 -2"><span class='ocrx_word' id='word_1_318' title='bbox 667 5825 690 5859; x_wconf 74' lang='lat'><strong>⁶⁴</strong></span> <span class='ocrx_word' id='word_1_319' title='bbox 703 5815 806 5881; x_wconf 79' lang='lat' dir='ltr'><strong>Vite”</strong></span> 
     </span>
     <span class='ocr_line' id='line_1_41' title="bbox 623 5927 1877 6014; baseline 0.005 -20"><span class='ocrx_word' id='word_1_320' title='bbox 623 5927 773 5994; x_wconf 82' lang='lat' dir='ltr'><strong>Occurrit</strong></span> <span class='ocrx_word' id='word_1_321' title='bbox 783 5947 891 6014; x_wconf 72' lang='lat' dir='ltr'><strong>cupra,</strong></span> <span class='ocrx_word' id='word_1_322' title='bbox 908 5929 1027 5996; x_wconf 85' lang='lat' dir='ltr'><strong>Codice</strong></span> <span class='ocrx_word' id='word_1_323' title='bbox 1045 5938 1094 5998; x_wconf 87' lang='grc'><strong>15.</strong></span> <span class='ocrx_word' id='word_1_324' title='bbox 1109 5943 1198 5997; x_wconf 75' lang='lat' dir='ltr'><strong>tract</strong></span> <span class='ocrx_word' id='word_1_325' title='bbox 1215 5941 1253 5998; x_wconf 77' lang='lat'><strong>4:</strong></span> <span class='ocrx_word' id='word_1_326' title='bbox 1275 5945 1308 5997; x_wconf 89' lang='lat' dir='ltr'><strong>et</strong></span> <span class='ocrx_word' id='word_1_327' title='bbox 1320 5931 1354 5996; x_wconf 90' lang='lat' dir='ltr'><strong>in</strong></span> <span class='ocrx_word' id='word_1_328' title='bbox 1370 5930 1483 5997; x_wconf 87' lang='lat' dir='ltr'><strong>Pluteo</strong></span> <span class='ocrx_word' id='word_1_329' title='bbox 1498 5951 1521 5997; x_wconf 90' lang='lat'><strong>1.</strong></span> <span class='ocrx_word' id='word_1_330' title='bbox 1538 5931 1657 5999; x_wconf 85' lang='lat' dir='ltr'><strong>Codice</strong></span> <span class='ocrx_word' id='word_1_331' title='bbox 1673 5939 1725 6004; x_wconf 88' lang='grc'><strong>17.</strong></span> <span class='ocrx_word' id='word_1_332' title='bbox 1739 5947 1829 6001; x_wconf 69' lang='grc' dir='ltr'><strong>Μ.</strong></span> <span class='ocrx_word' id='word_1_333' title='bbox 1845 5941 1877 6006; x_wconf 91' lang='grc'><strong>7.</strong></span> 
     </span>
     <span class='ocr_line' id='line_1_42' title="bbox 626 6041 1557 6122; baseline 0 -13"><span class='ocrx_word' id='word_1_334' title='bbox 626 6041 669 6109; x_wconf 89' lang='lat' dir='ltr'><strong>Et</strong></span> <span class='ocrx_word' id='word_1_335' title='bbox 683 6042 861 6110; x_wconf 78' lang='lat' dir='ltr'><strong>Aristotelis</strong></span> <span class='ocrx_word' id='word_1_336' title='bbox 874 6042 954 6110; x_wconf 80' lang='lat' dir='ltr'><strong>libet</strong></span> <span class='ocrx_word' id='word_1_337' title='bbox 968 6044 1035 6110; x_wconf 82' lang='lat' dir='ltr'><strong>eine</strong></span> <span class='ocrx_word' id='word_1_338' title='bbox 1050 6045 1211 6122; x_wconf 66' lang='lat' dir='ltr'><strong>Averni:</strong></span> <span class='ocrx_word' id='word_1_339' title='bbox 1235 6043 1316 6111; x_wconf 90' lang='lat' dir='ltr'><strong>Cod.</strong></span> <span class='ocrx_word' id='word_1_340' title='bbox 1335 6051 1384 6114; x_wconf 84' lang='grc'><strong>17.</strong></span> <span class='ocrx_word' id='word_1_341' title='bbox 1399 6055 1488 6110; x_wconf 69' lang='lat' dir='ltr'><strong>unct.</strong></span> <span class='ocrx_word' id='word_1_342' title='bbox 1507 6051 1557 6110; x_wconf 93' lang='grc'><strong>11.</strong></span> 
     </span>
    </p>
   </div>
   <div class='ocr_carea' id='block_1_9' title="bbox 0 0 2300 7844">
    <p class='ocr_par' dir='ltr' id='par_1_16' title="bbox 0 0 2300 7844">
     <span class='ocr_line' id='line_1_43' title="bbox 0 0 2300 7844; baseline 0 0"><span class='ocrx_word' id='word_1_343' title='bbox 0 0 2300 7844; x_wconf 95' lang='lat' dir='ltr'><strong> </strong></span> 
     </span>
    </p>
   </div>
  </div>
 </body>
</html>
