4640 7842
524 859 598 930 250
1039 877 1195 929 conscus
1219 875 1476 930 nsnuscsurrr

286 1071 331 1148 Β.
346 1069 416 1147 IV.
433 1085 493 1154 41.
505 1084 557 1145 25.
582 1075 766 1142 Exrosnro
781 1056 889 1140 surus:
905 1072 1138 1140 Msourrrcsr.

296 1169 417 1220 mm
582 1189 636 1256 Sic
650 1189 778 1274 incipit:
804 1195 824 1228 “
837 1185 1026 1275 Magnificst
1039 1209 1125 1266 voce,
1142 1187 1322 1278 magnificat
1335 1186 1496 1274 opere”-

582 1302 637 1368 Ab
650 1300 762 1366 eidem
776 1313 822 1364 est
837 1321 943 1364 manu.

568 1498 608 1565 In
622 1497 725 1564 fronte
739 1496 831 1562 libri:
857 1497 988 1564 “Liber
1004 1497 1072 1564 Dni
1083 1543 1393 1566 ......................
1405 1519 1446 1562 ex
1460 1497 1546 1561 dono
1562 1495 1662 1562 Rcv''i
1683 1496 1785 1564 Petris
1800 1499 1869 1564 Dfii
1882 1545 2005 1569 .........

524 1619 546 1654 “
565 1653 731 1676 ............
749 1607 858 1674 Ecclie
874 1609 967 1675 Cstb.
984 1609 1134 1675 Dtutelm.
1151 1611 1192 1676 A.
1206 1611 1249 1676 D.
1269 1621 1361 1688 1466,
1389 1617 1419 1674 1⁸
1432 1611 1484 1676 die
1505 1609 1684 1675 Octobris.”
1728 1611 1881 1691 [Erssum
1895 1613 1949 1678 hic
1963 1616 2009 1678 vi-

523 1723 618 1788 detur
631 1743 748 1786 nomen
764 1721 914 1808 Episcopi
929 1721 1164 1800 Dunelmensis,
1180 1724 1234 1810 qui
1248 1745 1287 1788 eo
1301 1745 1385 1786 anno
1399 1723 1458 1786 fuit
1473 1723 1663 1788 Laurentius
1680 1723 1812 1806 Bootis]

571 1832 677 1898 Infrs:
703 1831 837 1898 “Liber
859 1833 1002 1919 Dompni
1018 1879 1295 1899 ....................
1313 1833 1439 1898 ΜοἯιῐ
1462 1834 1613 1900 Dunclm.
1638 1858 1678 1900 cx
1704 1835 1789 1900 dono
1811 1837 2008 1906 Venerabilis

523 1955 545 1990 “
561 1945 674 2024 Patris,
690 1945 833 2032 Dompni
849 1945 976 2010 Wiilmi
999 1945 1112 2033 Elwyk
1129 1946 1290 2032 Supp¹0ris
1314 1945 1456 2010 Dunclrii
1471 1949 1559 2031 cujus
1581 1945 1684 2011 anime
1702 1947 1889 2033 propitietur
1910 1949 2012 2016 Deus.

526 2067 548 2102 “
564 2059 705 2124 Ansuss'

438 2377 499 2446 42.
527 2369 756 2444 Tnscrsrus
773 2379 811 2444 5.

526 2551 554 2607 l.
578 2540 740 2618 Tssuum,
763 2541 837 2620 sive,
862 2537 1002 2607 inurens
1018 2561 1140 2606 neuun
1166 2559 1389 2607 utrumme:
1404 2541 1437 2605 in
1452 2541 1550 2607 libros
1571 2539 1691 2628 aliquot
1706 2541 1864 2632 Gregon'j,
1881 2543 2010 2632 Augus-

622 2653 691 2731 tini,
708 2665 740 2718 et
750 2653 883 2718 aliorum
895 2677 903 2718 :
919 2675 1007 2741 quos,
1018 2674 1090 2719 curn
1101 2651 1180 2718 nulli
1191 2653 1262 2719 usui
1275 2651 1370 2720 bodie
1381 2675 1449 2718 esse
1459 2654 1589 2740 possint,
1602 2667 1749 2720 excutere
1759 2677 1824 2721 non
1835 2655 1894 2722 fuit
1903 2679 2010 2744 opersc

622 2765 769 2851 pretium.

524 2909 555 2968 2.
579 2901 762 2968 Excsnrvrs
777 2921 822 2966 nx
839 2901 1014 2966 Psrnrsus
1031 2899 1176 2966 Lsrrurs
1192 2921 1236 2966 nu
1252 2921 1382 2968 sumu
1398 2921 1500 2966 vmns
1515 2921 1743 2967 nonrsusus.
1801 2901 1876 2967 folio
1895 2911 1965 2973 107.

581 3013 634 3080 Sic
649 3013 821 3099 incipiunt:
846 3020 868 3053 “
880 3011 1018 3076 Intentio
1039 3023 1147 3076 nostre
1166 3013 1199 3076 in
1221 3013 1281 3076 isto
1295 3033 1391 3097 opere
1405 3025 1453 3076 est
1466 3012 1615 3100 colligens
1637 3012 1677 3078 de
1691 3013 1780 3080 libris
1797 3013 2006 3103 Originnlium

625 3133 647 3168 “
662 3134 683 3189 4
699 3125 886 3200 Doctorum,
909 3123 1107 3212 [Augustini,
1124 3123 1189 3188 scil.
1215 3123 1415 3210 Hieronymi,
1432 3123 1602 3208 Ambrosij,
1620 3123 1785 3212 Gregorij]
1807 3137 1839 3188 ct
1859 3126 2006 3211 copulare

624 3243 647 3277 ‘⁶
661 3235 720 3300 sub
734 3233 923 3320 compendio
937 3233 1022 3296 dicto
1036 3255 1167 3298 eorum:
1191 3247 1223 3298 et
1236 3233 1340 3319 primo
1355 3233 1395 3297 de
1410 3234 1593 3298 mortalibus
1611 3241 1629 3302 7
1646 3235 1845 3319 peccatis-

581 3343 764 3410 Instituerst
783 3344 901 3409 scilicet
923 3343 985 3408 alin
1006 3354 1191 3432 argumenta
1213 3343 1408 3430 Theologics
1430 3344 1540 3408 eodem
1563 3343 1659 3408 modo
1680 3345 1862 3429 explicare:
1884 3349 2008 3416 sedhic

623 3469 772 3522 tractatus
787 3479 852 3520 non
868 3457 950 3521 ultro
963 3469 1093 3543 peccato
1106 3456 1250 3521 mortalia
1264 3455 1415 3541 procedit.

581 3569 724 3654 Scriptus
749 3579 796 3633 est
822 3567 913 3632 lineis
938 3565 1064 3644 divisis:
1087 3567 1185 3632 literis
1210 3567 1394 3646 minoribus,
1421 3566 1639 3644 currentibus:
1669 3579 1740 3631 ente
1764 3588 1863 3633 sunos
1886 3569 2013 3636 circiter

627 3690 702 3748 80⁰.

524 3829 554 3886 8.
578 3817 708 3884 Suum
724 3838 767 3882 ns
784 3819 881 3883 Anrc
899 3817 1125 3884 Pnsnrcsunn
1800 3815 1877 3880 folio
1895 3826 1964 3886 146.

583 3929 636 3996 Sic
650 3928 778 4014 incipit:
803 3927 925 3994 “Vidit
939 3929 1039 3995 Jacob
1054 3929 1169 3994 scnium
1185 3951 1204 3990 s
1218 3925 1301 3992 terni
1315 3947 1414 4014 usque
1429 3923 1470 3990 sd
1485 3925 1587 3990 celum
1602 3926 1871 4013 attingentem”-

581 4040 697 4107 Titulis
712 4039 763 4105 bic
779 4040 876 4106 literis
890 4041 1026 4106 miniatis
1042 4041 1176 4126 scriptus
1187 4053 1234 4104 est
1248 4063 1267 4104 e
1282 4061 1376 4104 manu
1391 4037 1492 4124 primis
1505 4063 1512 4100 ε
1525 4038 1565 4101 cb
1580 4037 1641 4103 sliri
1658 4039 1798 4126 (antiqui
1813 4043 1930 4125 tomen)
1945 4041 2007 4122 hic,

629 4161 652 4196 «ι
666 4152 835 4218 Truentus
852 4135 999 4242 Magrus
1016 4153 1111 4218 nunt
1128 4153 1293 4218 romunt
1308 4151 1349 4216 se
1364 4153 1443 4216 nne
1461 4149 1678 4214 Predicmrdir‘

584 4265 667 4330 Vide
681 4287 753 4350 qus:
767 4263 807 4329 de
821 4264 883 4330 boc
900 4266 1060 4352 Scriptore
1074 4265 1158 4330 dicta
1172 4277 1246 4330 snut
1260 4265 1301 4328 sd
1317 4263 1444 4329 Codicis
1460 4263 1532 4330 20⁰¹
1551 4275 1718 4329 tractatum
1733 4267 1807 4330 5²⁰¹¹t

585 4376 729 4462 Scriptus
754 4387 802 4440 cst
815 4375 868 4440 bic
891 4388 1039 4442 nummus
1065 4377 1155 4442 lineis
1170 4377 1358 4454 dimidiatis;
1382 4375 1479 4442 literis
1502 4375 1640 4453 minutis,
1664 4397 1726 4440 non
1749 4377 1830 4440 malti
1849 4377 2009 4458 formatis:

628 4497 701 4552 unte
715 4507 815 4550 snuos
830 4495 906 4564 400,
922 4500 978 4552 sut
990 4489 1085 4553 etism
1099 4485 1243 4572 amplids.

585 4597 677 4663 Folio
694 4606 756 4664 164
778 4596 923 4684 sdjicitur
943 4597 984 4663 sb
998 4597 1059 4666 ulit
1080 4619 1176 4662 manu
1194 4597 1454 4683 supplementum
1476 4597 1571 4660 breve
1586 4595 1754 4680 superioris
1768 4593 1850 4672 libri,
1874 4597 1907 4660 in
1922 4600 2011 4684 cujus

625 4707 690 4776 tine
700 4707 901 4776 adscribitur:
919 4708 1086 4794 “Explicit
1095 4707 1263 4772 Tractatus
1272 4707 1361 4772 Jobis
1374 4707 1540 4774 Porretsni
1548 4705 1589 4770 de
1601 4708 1680 4770 Arte
1692 4705 1908 4772 Predicandit’
1946 4710 2011 4775 Ve-

630 4838 702 4886 rum
716 4819 851 4885 Josnnis
864 4817 958 4907 hujus
975 4819 1140 4886 Porretsni
1154 4819 1346 4882 mentionem
1360 4817 1471 4882 nullibi
1486 4817 1620 4884 invenio.

528 4967 559 5024 4.
583 4956 775 5023 Lmronuss
791 4977 940 5042 monos
956 4955 1293 5024 Eccsssrssrrcosun
1309 4975 1352 5020 nr
1363 4955 1602 5020 Sucunsnruu
1620 4953 1832 5036 Csrsnoous,
1846 4955 2013 5042 Capitibus

633 5077 693 5135 19:
716 5089 851 5156 quorum
866 5069 1061 5158 singulorum
1089 5067 1266 5134 Exordium
1281 5079 1313 5130 et
1330 5065 1481 5132 Cleusuls
1494 5065 1596 5130 finalis
1610 5066 1786 5132 exhibetur.

589 5181 764 5266 Scriptores
792 5179 1003 5245 Ecclesiastici
1029 5191 1102 5244 sunt
1127 5179 1310 5264 Dionysius,
1343 5177 1540 5254 Ambrosius,
1566 5177 1794 5266 Hieronymus,
1826 5179 2011 5269 Gregorius,

629 5293 822 5374 Bernsrdus,
841 5293 996 5374 Hilarius,
1013 5292 1164 5371 Isidorus,
1182 5291 1436 5386 chrysostomus,
1449 5290 1609 5370 lisbsuus,
1622 5291 1769 5378 Prosper,
1786 5292 2011 5374 Dsmssceuus,

631 5407 810 5486 Ausclmus,
829 5405 995 5485 Ricardus,
1011 5418 1044 5471 et
1059 5404 1161 5494 Hugo
1175 5405 1215 5469 de
1232 5406 1349 5469 Sancto
1363 5403 1502 5480 Victore,
1519 5403 1683 5482 Alcuinus,
1700 5405 1833 5482 Alanus,
1851 5388 2013 5471 Boethius.

589 5519 753 5587 Seculsres
769 5531 858 5597 sunt:
877 5518 1008 5598 Plinius,
1025 5517 1170 5584 Vslerius
1187 5515 1360 5593 Maximus,
1377 5513 1572 5592 Macrobius,
1589 5513 1725 5594 Tullius,
1743 5516 1872 5581 Seuecs.

530 5665 559 5722 5.
584 5653 756 5722 Fosrsuss
770 5655 1008 5722 Novrcronuu.
1803 5651 1879 5718 lolio
1897 5660 1968 5724 187.

586 5769 640 5834 Sic
668 5769 796 5855 bicipit:
822 5769 963 5835 “Primo
986 5769 1185 5836 considerare
1204 5767 1311 5846 debes,
1338 5787 1435 5853 quare
1457 5765 1588 5843 veneris,
1611 5777 1644 5830 et
1668 5764 1709 5830 sd
1731 5763 1808 5851 quid
1829 5767 1960 5846 senens,
1982 5779 2017 5834 ct

631 5889 761 5962 propter
775 5878 854 5966 quid
869 5878 1053 5946 veneris''-
