4650 7852
1004 1121 1163 1178 contest
1187 1119 1445 1178 amusement

255 1507 385 1650 Bioffl.
398 1509 436 1580 l«.
462 1502 681 1580 Aucusrmr
698 1523 916 1577 rmcrsrus
934 1521 1025 1576 rens
1041 1520 1192 1575 nucsus
1210 1521 1319 1572 unns

486 1685 514 1744 1.
537 1677 735 1744 Aucusrnn
758 1693 852 1738 uram
868 1681 889 1736 4
905 1691 1039 1738 comm
1061 1689 1147 1736 uuus
1163 1669 1349 1736 Errsronas
1363 1667 1385 1734 J
1387 1685 1518 1746 uarum,
1541 1685 1584 1734 ar
1599 1687 1755 1736 surcauu
1770 1687 1814 1738 ca
1830 1668 1966 1739 Haansr

587 1787 875 1852 Panaorsuonum.

539 1899 592 1965 Sic
608 1898 779 1983 incipiunt:
805 1905 826 1938 ‘⁶
842 1895 1001 1960 Noveram
1015 1894 1199 1982 tequidem,
1215 1893 1296 1960 fumi
1311 1891 1513 1962 celeberrimi
1527 1891 1772 1978 predicante’'-

539 2010 656 2095 Scripti
670 2009 797 2074 suntad
813 2006 1010 2072 Bonifacium
1027 2007 1181 2074 Romanis
1196 2005 1348 2072 Ecclesiae
1364 2005 1568 2092 Episcopum.

480 2179 511 2235 2.
534 2172 691 2236 Acunum
707 2171 902 2234 Aucusrnu
926 2187 1060 2232 course
1081 2166 1275 2244 Jutrsuuu,
1293 2165 1491 2232 Perusinus
1508 2164 1661 2232 Hsnssts
1677 2183 1901 2236 censecutos
1914 2190 1965 2236 ιι-

581 2303 641 2346 nar
657 2289 688 2346 6.

539 2391 746 2457 Praemittitur
768 2386 937 2476 Augustini
951 2386 992 2450 de
1006 2385 1056 2450 his
1077 2385 1165 2452 libris
1179 2385 1350 2465 ludicium,
1377 2408 1395 2450 e
1409 2385 1497 2450 libris
1521 2385 1789 2452 Retractotionum
1803 2388 1866 2454 huc
1880 2401 1966 2454 tran·

580 2513 741 2586 scriptum.
2049 2573 2058 2590 .

536 2613 685 2699 Sequitur
701 2609 844 2695 Epistola
864 2608 906 2672 sd
922 2608 1090 2674 Claudium
1106 2608 1318 2694 Episcopum:
1342 2631 1413 2696 quae
1429 2609 1473 2674 sic
1488 2609 1616 2695 incipit:
1643 2618 1664 2652 ‘⁶
1680 2609 1842 2688 Quoniam
1856 2611 1962 2692 michi,

579 2730 601 2765 “
615 2721 754 2786 fraterno
768 2721 920 2786 excitatus
935 2721 1058 2800 affectu,
1074 2721 1193 2785 Julisni
1207 2733 1342 2807 quatuor
1356 2720 1518 2785 librcs'’-

536 2831 634 2899 Liber
648 2833 768 2919 primus
783 2834 847 2898 sic:
872 2840 894 2876 “
911 2832 1126 2898 Contumelias
1148 2847 1203 2898 tua
1218 2838 1320 2914 [tuas]
1335 2841 1367 2898 et
1381 2833 1476 2899 verba
1490 2831 1652 2912 maledics,
1675 2831 1821 2912 Juuiane,
1837 2857 1900 2922 que
1913 2857 1963 2900 sr-

578 2953 600 3004 t‘
613 2945 692 3010 dens
705 2945 867 3012 iracundisi
882 2945 950 3030 iiijs
964 2945 1051 3008 libris
1065 2943 1281 3008 arrhelssti”-

533 3056 587 3122 Ab
601 3056 711 3122 eidem
725 3078 821 3120 manu
837 3068 910 3120 sunt
924 3075 1033 3118 omncs
1047 3051 1080 3115 hi
1095 3065 1205 3118 contra
1219 3052 1381 3118 lulianum
1392 3051 1474 3118 libri.
1521 3053 1636 3139 Scripti
1648 3067 1721 3120 sunt
1734 3055 1825 3122 lineis
1839 3057 1963 3138 divisis:

574 3167 672 3232 literis
692 3167 902 3234 mediocribus
916 3167 998 3232 bene
1011 3164 1170 3242 formatis:
1193 3176 1229 3230 ut
1242 3187 1284 3232 ex
1298 3185 1406 3230 smum
1428 3163 1528 3231 forms
1543 3166 1686 3252 conjicio,
1701 3181 1775 3234 ante
1788 3191 1888 3236 armos
1903 3172 1963 3237 cir-

575 3280 653 3344 citer
668 3288 742 3346 400.

534 3391 705 3456 Librorum
719 3411 868 3454 numerus
883 3390 917 3453 in
932 3389 1061 3453 summis
1075 3387 1156 3452 foliis
1171 3399 1307 3452 notatur.

533 3503 572 3568 ln
587 3503 688 3567 fronte
703 3503 855 3567 librorum
871 3512 891 3566 4
906 3502 976 3567 haec
990 3515 1065 3565 nota
1079 3501 1282 3565 adscribitur:
1308 3508 1329 3542 ‘⁶
1344 3498 1442 3562 Liber
1459 3499 1512 3564 Sii
1529 3499 1659 3566 Cuthbti
1682 3502 1848 3582 [Dunelrii.
1865 3504 1963 3592 assig-

579 3623 601 3656 “
615 3627 707 3678 natus
723 3613 898 3694 communi]
912 3613 1074 3676 almariolo
1092 3613 1228 3676 Claustri
1242 3635 1264 3698 p
1278 3611 1390 3676 Diium
1405 3612 1519 3678 Joltem
1533 3612 1573 3679 de
1590 3613 1846 3701 Hemyngburgh
1861 3637 1963 3702 quon·

578 3733 599 3768 ‘⁶
614 3724 683 3788 d⁶m
700 3723 843 3789 Priorem
858 3723 1030 3788 Dunelm.”

536 3834 675 3900 Joennes
690 3834 748 3897 iste
762 3832 803 3898 de
819 3832 1078 3920 Hemyngburgh
1092 3833 1170 3898 obiit
1185 3831 1272 3898 A.D.
1292 3841 1385 3898 1416.

476 4007 507 4065 3.
530 3995 570 4062 In
584 4007 726 4062 extremo
737 3995 890 4058 librorum
905 3992 1103 4078 superiorum
1116 3991 1192 4056 folio
1206 3991 1351 4079 adjicitur
1365 3991 1406 4056 eb
1420 3991 1479 4057 alii
1495 4013 1591 4058 manu
1607 3995 1683 4080 (uni
1698 4006 1819 4060 tantum
1833 3995 1961 4086 pagini)

573 4107 783 4198 fragnrentum
797 4105 870 4170 libri
885 4125 929 4170 nn
946 4105 1066 4172 orm
1083 4101 1351 4170 Mouncnoruu.

533 4219 586 4286 Sic
600 4219 727 4304 incipit:
752 4225 774 4260 ‘⁶
787 4217 809 4282 J
811 4215 925 4280 ussioni
940 4229 1004 4296 tue,
1028 4217 1143 4282 Sancte
1158 4213 1253 4279 frater
1268 4215 1390 4295 Aureli,
1417 4229 1504 4282 tanto
1519 4217 1660 4284 devotius
1683 4219 1898 4305 obtemperare
1912 4243 1963 4286 me

579 4339 601 4373 ‘⁴
615 4331 817 4417 oportuit'’-

533 4441 739 4508 Praemittitnr
754 4439 924 4528 Augustini
938 4438 979 4504 de
993 4460 1032 4504 eo
1045 4439 1126 4502 libro
1141 4437 1311 4516 Judicium,
1327 4461 1346 4503 e
1360 4439 1441 4504 libro
1459 4440 1728 4508 Retractationum

532 4579 572 4644 ln
586 4579 698 4644 eodem
713 4600 785 4643 cum
800 4575 1012 4664 superioribus
1027 4575 1271 4664 compinguntur
1286 4573 1453 4640 volumine.

477 4747 507 4806 4.
531 4739 640 4806 Cusus
655 4757 775 4804 uncum
791 4756 1041 4803 muceranus:
1058 4757 1096 4802 ru
1112 4747 1131 4804 5
1148 4757 1260 4802 urnam
1275 4735 1540 4802 occursurus.

534 4851 587 4917 Sic
601 4849 773 4935 incipiunt:
799 4857 821 4892 “
836 4848 1021 4938 Gregorius,
1037 4851 1095 4915 &c
1140 4848 1238 4926 Quod
1253 4849 1334 4914 sicut
1347 4869 1405 4934 per
1418 4867 1542 4912 serrum
1559 4844 1700 4912 Domino
1714 4847 1904 4934 acquiritur”

533 4963 696 5050 Scriptura
710 4983 775 5026 non
790 4961 947 5028 dissimilis
968 4960 1280 5048 estpraecedentibus
1303 4960 1474 5048 Augustini
1495 4958 1687 5038 tractatibus,
1710 4960 1896 5046 ctejusdem
1916 4961 1962 5026 vi-

576 5076 669 5142 detur
683 5074 793 5140 aetsbs.
1186 5081 1187 5084 ’

476 5243 507 5304 5.
530 5233 673 5302 Turum
689 5229 913 5300 Muarrsruur
930 5251 1039 5299 surse
1053 5229 1219 5298 Deorum
1234 5249 1305 5297 cuu
1322 5231 1509 5298 Arrianus
1524 5251 1632 5299 suren
1647 5231 1882 5300 Dacuamnrs.

531 5345 635 5414 Index
645 5358 697 5420 ¹est
710 5343 923 5431 alphabeticus
934 5367 1040 5409 rerum
1053 5345 1086 5408 in
1100 5343 1150 5408 his
1163 5343 1252 5408 libris
1267 5345 1459 5409 cementarii.

532 5459 655 5526 Puncta
669 5459 831 5544 supposita
844 5458 914 5523 voci
930 5455 1115 5522 Martiniani
1137 5455 1282 5521 videntur
1297 5455 1435 5522 indicare
1456 5477 1516 5542 pro
1530 5455 1590 5522 isto
1604 5457 1732 5524 nomine
1749 5457 1835 5525 aliud
1849 5457 1962 5522 substi-

576 5571 729 5638 tuendum
743 5593 820 5636 esse.

533 5683 658 5769 Scripta
672 5695 719 5748 est
731 5683 822 5748 lineis
837 5681 1011 5760 continuis:
1034 5681 1133 5747 literis
1147 5680 1367 5758 mediocribus,
1383 5679 1464 5746 bene
1479 5679 1628 5761 formatis,
1644 5683 1767 5750 circiter
1780 5701 1898 5750 annum
1913 5685 1962 5767 (ut

574 5793 711 5876 videtur)
730 5803 823 5861 1³00.

534 5903 573 5969 Iu
587 5903 663 5970 folio
675 5905 799 5992 primo:
823 5915 846 5951 ‘⁶
859 5906 900 5974 de
915 5907 964 5973 cci
979 5905 1105 5972 librarii
1122 5903 1276 6002 Mo⁰chop
1291 5901 1463 5970 Dunelffi.”
