4650 7852
809 1133 997 1186 rccunsrn
1021 1130 1300 1188 nunrnuausrs.
1711 1111 1782 1188 168

72 1340 113 1414 Β,
128 1337 207 1414 ΙΙΙ.
223 1342 279 1412 18,
310 1346 342 1402 8.
365 1333 569 1400 Tnncrarus
583 1351 829 1400 mancunium
844 1333 1115 1401 errcocurrncrs
1131 1355 1175 1400 nn
1191 1334 1323 1400 Conon
1594 1333 1668 1400 not·
1680 1341 1755 1405 257.

66 1547 69 1557 .
94 1439 190 1482 *⁰³¹⁰*
367 1447 519 1535 Ejusdem
535 1447 668 1513 Roberti
683 1447 834 1534 scriptum
858 1459 914 1513 est.
960 1448 1011 1512 Ita
1024 1461 1154 1514 vocatur
1174 1450 1208 1512 in
1231 1445 1377 1512 indiculo
1398 1447 1454 1535 qui
1476 1444 1589 1513 Codici
1602 1448 1796 1538 proefigiturz

412 1558 540 1624 Titulus
554 1557 660 1624 nullus
674 1557 725 1624 vel
746 1560 779 1622 in
794 1559 884 1623 initio
905 1558 955 1622 vel
969 1559 1033 1624 line
1053 1559 1152 1645 ipsius
1165 1559 1315 1625 tractatils
1336 1557 1468 1646 legitur:
1491 1561 1525 1624 in
1539 1558 1604 1626 fine
1617 1571 1723 1626 autem
1738 1561 1802 1627 Ct-

410 1672 512 1757 pitum
527 1681 713 1759 argumenta
727 1670 946 1756 subjiciuntur.

371 1783 424 1848 Sic
438 1782 563 1867 incipit:
589 1791 610 1824 “
624 1781 794 1867 Preparate
809 1780 905 1845 corda
919 1792 1025 1846 vestra
1038 1781 1121 1846 Deo.
1166 1780 1275 1846 Verba
1288 1793 1362 1847 sunt
1377 1781 1569 1850 Samuel'-

314 1930 345 1986 9.
370 1919 573 1984 ancrrrus
589 1916 758 1983 Lrncoan.
775 1939 818 1983 nn
836 1917 956 1984 Ocuno
972 1939 1116 1984 noum.
1615 1917 1669 1984 fol.
1685 1925 1760 1986 292.

372 2029 415 2094 Et
429 2029 481 2093 bic
495 2028 575 2093 liber
589 2027 725 2092 eundem
739 2027 836 2092 habet
849 2039 1020 2093 auctorem.

373 2140 523 2207 Occurrit
535 2139 629 2204 etiam
644 2138 726 2202 infra
742 2137 780 2202 B.
797 2159 841 2203 ιν.
856 2138 927 2203 cod.
943 2147 995 2206 29.
1011 2151 1101 2204 tract.
1117 2147 1149 2205 4.

375 2252 428 2320 Sic
441 2252 567 2336 incipit:
592 2251 661 2315 “Si
675 2249 846 2338 diligentur
860 2251 1003 2316 volumus
1017 2251 1051 2316 in
1067 2251 1155 2339 Lege
1170 2250 1302 2316 Domini
1315 2250 1524 2319 meditari'-

361 2428 488 2511 Septem
501 2424 534 2488 hi
546 2423 696 2490 tractatus
707 2423 747 2488 ab
762 2423 872 2490 eedem
881 2425 979 2490 mand
986 2425 1134 2511 descripti
1145 2437 1228 2503 sunt,
1244 2449 1264 2489 a
1273 2425 1383 2511 primis
1392 2425 1516 2490 duobus
1525 2423 1659 2489 multum
1673 2423 1809 2492 diversi.

320 2537 436 2622 Scripti
450 2537 534 2600 enim
549 2547 623 2600 sunt
647 2535 744 2600 literis
760 2536 944 2614 minoribus,
971 2538 1111 2616 cursivis,
1127 2536 1239 2601 eidem
1254 2542 1303 2622 (ut
1316 2536 1453 2618 videtur)
1468 2548 1560 2601 oetate
1575 2537 1636 2623 quir
1657 2539 1735 2601 vixit
1755 2537 1812 2602 Jo-

317 2672 415 2716 annes
431 2647 583 2714 Aukland
599 2648 702 2726 Prior,
725 2648 779 2735 qui
796 2648 948 2714 Codicem
969 2648 1055 2713 hunc
1079 2649 1235 2714 Coenobio
1249 2649 1394 2715 donavit:
1419 2649 1509 2714 Obiit
1529 2661 1635 2718 auten
1649 2647 1703 2712 ille
1717 2647 1806 2714 A.D.

325 2769 419 2828 1494.

363 2870 589 2955 Transcriptus
601 2869 681 2935 forte
695 2869 786 2936 suite
802 2871 923 2937 Codice
937 2873 1089 2960 sequenti.

362 2984 402 3047 In
416 2981 491 3046 folio
506 2983 629 3067 primo:
654 2981 753 3046 “Hic
775 2982 855 3046 liber
877 2985 1053 3072 assignatur
1074 3005 1160 3046 nono
1181 2984 1349 3047 armariolo
1371 2985 1403 3046 in
1421 2983 1568 3048 Claustro
1585 2982 1669 3048 Ecde
1685 2984 1813 3064 [Eccle-

323 3102 344 3138 “
358 3093 430 3174 siae]
445 3091 587 3157 Dunelffi
602 3115 659 3178 per
675 3092 897 3158 Venerabilem
913 3093 1041 3159 Patrem
1055 3094 1169 3160 Joliem
1185 3094 1337 3158 Aukland
1353 3095 1465 3159 Priore
1479 3096 1568 3180 ejusd
1582 3094 1697 3160 Eerex’

241 3365 297 3442 19.
317 3357 488 3432 Ronnnm
507 3353 760 3443 Gaossnrnsr‚
780 3353 1078 3430 Lrnconnrnusrs
1096 3356 1286 3443 Errscorr,
1307 3379 1427 3429 ornan
1445 3377 1628 3436 cunnum.
1655 3380 1810 3454 quorum

375 3481 523 3556 nomina
539 3481 577 3552 in
594 3476 682 3554 folio
699 3480 816 3579 primo
834 3505 856 3554 a
872 3481 988 3578 primi
1006 3484 1068 3580 (ut
1083 3477 1246 3573 videtur)
1263 3503 1374 3553 manu
1391 3480 1564 3578 inscripta
1580 3491 1675 3553 sunt.

328 3637 356 3694 l.
379 3628 546 3694 Linconn.
564 3648 609 3692 nn
624 3627 775 3706 Lrncun,
792 3649 865 3694 cun
881 3629 1026 3693 Turum
1040 3648 1148 3693 suren
1164 3647 1291 3692 conara.

383 3737 467 3802 Vide
483 3737 611 3802 Codicis
626 3738 833 3822 praecedentis
847 3749 1015 3804 tractatum
1031 3738 1113 3803 8³¹³.

326 3881 356 3938 2.
379 3872 582 3939 Tancrarus
599 3872 640 3936 R.
655 3872 697 3937 G.
715 3872 985 3939 Lruconurnusrs
1001 3892 1045 3938 nn
1063 3871 1195 3937 Conna.
1628 3871 1682 3937 sol.
1701 3880 1771 3940 152.

383 3982 467 4049 Vide
483 4005 578 4068 supra
592 3993 759 4046 tractatum
775 3991 855 4048 8m.

384 4092 425 4158 In
438 4093 502 4157 fine
517 4092 569 4156 hic
583 4092 773 4157 versiculus:
799 4091 960 4157 “Nomen
977 4090 1145 4177 Scriptoris
1152 4089 1314 4157 lohannes
1325 4091 1437 4178 plenus
1452 4093 1577 4158 amoris.
1611 4081 1781 4160 ‘Muhtet”

327 4243 357 4297 3.
382 4229 547 4296 Lrnconu.
565 4249 608 4293 nn
625 4229 756 4294 Ocuno.
1627 4229 1681 4294 fol.
1698 4237 1772 4301 207.

385 4341 468 4406 Vide
483 4363 580 4426 supra
593 4352 759 4404 tractatum
775 4347 858 4404 9uum‘

327 4488 358 4542 4.
382 4477 550 4542 Lrnconrr.
567 4497 611 4540 nn
628 4476 795 4540 Veneris.
1628 4475 1682 4541 fol.
1699 4484 1772 4542 244.

387 4588 469 4653 Vide
484 4609 579 4673 supra
593 4599 759 4652 tractatum
774 4588 850 4651 rium.

386 4700 533 4786 Sequitur
549 4697 653 4764 Index
666 4696 882 4783 alphabeticus
898 4697 1020 4762 Rerum
1035 4698 1068 4760 in
1081 4696 1131 4761 his
1146 4693 1328 4763 tractatibus
1342 4709 1570 4764 contentarum.

340 4918 343 4924 ι
374 4874 515 4960 Scriptus
530 4887 578 4939 est
590 4872 643 4937 hic
660 4871 772 4937 Codex
787 4871 876 4936 lineis
892 4871 1017 4949 divisis3
1040 4869 1137 4936 literis
1152 4871 1373 4950 mediocribus,
1395 4872 1543 4949 cursivis3
1566 4872 1690 4936 circiter
1703 4893 1821 4936 annum

333 4993 426 5063 1450,
450 5009 514 5072 quo
537 4986 615 5049 vixit
635 4983 815 5050 Willelmus
831 4982 1005 5048 Ebchestre
1026 4982 1120 5070 hujus
1144 4983 1290 5050 Coenobii
1307 4983 1417 5061 Prior3
1440 5007 1459 5047 a
1480 5007 1544 5072 quo
1558 4983 1713 5048 donatum
1727 4981 1824 5048 fuisse

327 5094 403 5161 huic
419 5095 625 5160 Bibliothecae
647 5093 785 5159 ostendit
804 5092 875 5158 haec
896 5105 988 5158 nota:
1014 5093 1115 5158 “Iste
1132 5094 1212 5159 liber
1232 5095 1409 5182 assignatur
1430 5094 1557 5160 librarie
1581 5091 1735 5192 Moflcbop
1749 5093 1823 5160 Du·

332 5213 354 5248 ‘⁶
367 5205 462 5269 nelrii.
478 5227 536 5288 per
551 5203 771 5269 Venerabilem
788 5203 915 5267 Patrem
931 5201 1060 5288 Magrm
1075 5203 1192 5268 erim
1209 5203 1383 5270 Ebchestre
1399 5203 1511 5270 Priore
1525 5201 1698 5269 Dunelrirss’

302 5311 306 5318 ’
376 5315 451 5379 Fuit
464 5337 540 5378 vero
555 5313 738 5380 Willelmus
752 5315 810 5380 iste
827 5313 920 5379 Prior
934 5315 975 5378 ab
989 5336 1073 5378 anno
1091 5323 1173 5380 1446
1188 5314 1229 5378 ad
1247 5323 1339 5380 1456.

247 5581 306 5650 20.
334 5575 452 5650 PETRI
471 5575 709 5650 COMESTORIS
728 5575 916 5651 HISTORIA
934 5573 1203 5650 SCHOLASTICA.

377 5725 503 5791 Titulus
518 5723 624 5789 nullus
637 5724 687 5788 vel
711 5725 801 5789 Libri
823 5697 872 5789 vel
896 5723 1045 5789 Auctoris
1059 5723 1247 5788 adscribitur
1268 5745 1289 5788 a
1309 5722 1410 5809 primri
1426 5743 1532 5786 manu.
1577 5720 1617 5786 In
1630 5723 1738 5808 primo
1747 5719 1824 5788 folio

333 5837 406 5902 duoe
419 5835 543 5902 fuerant
557 5837 716 5922 inscriptae
731 5851 835 5914 notae3
861 5857 996 5924 quarum
1017 5833 1115 5900 alteri
1138 5855 1254 5898 nomen
1271 5833 1372 5912 Libri,
1399 5834 1429 5900 dt
1450 5832 1531 5928 forte
1552 5833 1647 5898 etiam
1663 5835 1822 5914 Auctoris,

334 5947 431 6013 alteri
448 5948 640 6013 Possessoris
661 5947 868 6013 indicabatur.
915 5946 979 6014 Sed
994 5960 1126 6032 utraque
1147 5967 1236 6012 erasa
1249 5959 1316 6024 est;
1342 5945 1403 6010 nisi
1418 5944 1503 6032 quod
1524 5967 1565 6010 ex
1585 5944 1687 6031 primd
1702 5945 1828 6035 legatur

335 6067 357 6101 ‘⁶
374 6058 543 6124 Scolastica
559 6057 769 6124 Historia''-

334 6191 374 6235 ex
389 6169 496 6248 alteri,
514 6179 535 6214 “
551 6170 649 6236 Liber
663 6169 796 6237 Dar-
