4630 7860
772 1107 959 1166 accurare
983 1107 1259 1166 cummanere.
1704 1096 1750 1166 41

67 1301 180 1382 Α.ΙΙΙ.
194 1309 253 1381 21.
276 1305 386 1392 incipit
410 1329 428 1371 a
451 1327 543 1371 versu
561 1307 625 1373 13ιο
641 1305 760 1393 Capitis
775 1309 813 1373 4²¹
833 1309 925 1374 Cant.
972 1310 1102 1397 “Cypri
1124 1333 1196 1376 cum
1210 1308 1319 1374 nardo.
1366 1307 1493 1395 Cyprus
1509 1309 1603 1376 arbor
1617 1321 1665 1378 ast
1678 1331 1752 1378 κο.

81 1401 186 1490 diiii
288 1428 309 1462 “
322 1419 444 1498 metica,
460 1421 547 1506 cujus
562 1442 668 1485 semen
683 1434 730 1486 est
744 1421 976 1486 candidum”-

323 1531 453 1598 Postilla
473 1531 552 1610 haec,
577 1533 641 1596 sive
657 1533 781 1612 Glossa,
809 1533 927 1600 Textui
949 1534 1148 1601 immiscetur.
1194 1532 1330 1602 Diversa
1349 1545 1400 1612 cst,
1417 1557 1439 1599 a
1452 1534 1566 1604 Glossri
1580 1536 1749 1615 ordinarii,

278 1643 333 1710 sed
348 1643 447 1707 multa
461 1665 501 1707 ex
516 1641 633 1706 eisdem
647 1641 784 1707 fontibus
799 1643 910 1706 hausit.

322 1755 432 1820 Habet
453 1753 638 1820 hodiernam
655 1753 802 1840 Capiturn
817 1753 1057 1820 distinctionem.
1102 1753 1236 1820 Videtur
1251 1755 1385 1840 scriptus
1398 1756 1482 1824 cirea
1495 1757 1590 1826 finem
1606 1759 1754 1826 ceutuiae

282 1881 348 1938 13³.
1714 1890 1719 1898 '

279 2017 310 2074 2.
333 2007 625 2073 Launrrarrours
643 2003 827 2069 Hrnnnmnr
843 2024 1001 2069 cuosara.

336 2117 457 2184 Eadem
471 2128 518 2180 est
539 2115 643 2203 glossa
657 2137 729 2202 quoe
743 2115 775 2178 in
791 2113 1002 2199 superioribus
1024 2113 1119 2178 Maris
1134 2113 1213 2179 etin
1235 2114 1367 2202 vulgatis
1385 2115 1555 2181 Codicibus
1569 2118 1702 2208 legitur3
1718 2143 1756 2184 ea

378 2230 495 2296 scilicet
519 2251 613 2315 quam
635 2227 813 2313 compilavit
829 2227 1000 2304 Gilbertus,
1023 2227 1160 2312 primum
1180 2227 1451 2296 Altissiodorensis
1474 2231 1624 2296 Ecclesiae
1638 2233 1757 2298 Diaco-

377 2363 447 2418 nus,
474 2353 506 2404 et
527 2339 654 2404 demum
670 2337 846 2422 Episcopus
869 2336 1088 2400 Londinensis.
1134 2337 1273 2402 Nomina
1286 2351 1449 2405 auctorum
1470 2343 1616 2429 equibus
1632 2343 1756 2410 Glossre

376 2453 429 2516 hoe
443 2463 600 2536 excerptae
615 2463 697 2526 sunt,
713 2449 898 2536 plerrunque
913 2449 945 2510 in
959 2449 1102 2535 margine
1115 2449 1344 2515 adscribuntur.

337 2565 479 2650 Scriptus
495 2551 607 2627 est’hic
622 2561 724 2626 codex
738 2561 835 2625 literis
851 2561 1044 2639 acuminatis,
1059 2561 1140 2628 bene
1154 2561 1304 2640 formatis,
1326 2561 1436 2630 eidem
1452 2569 1500 2649 (ut
1513 2566 1652 2648 videtur)
1667 2580 1758 2633 aetate

382 2677 444 2763 quai
458 2675 670 2761 praecedentes
688 2673 835 2738 Postillae.

154 2957 162 2966 ·
193 2948 253 3014 33.
280 2939 473 3012 Ezacnrnu
499 2960 547 3008 rr
574 2935 726 3008 Damni.
754 2956 910 3007 aaosarr
937 2957 1018 3007 curu
1044 2957 1315 3008 nascarrrromr
1342 2959 1540 3012 summram
1567 2963 1753 3014 crvrrlrrs

590 3057 825 3143 Jaausauulr,
846 3079 927 3129 cunr
945 3079 1093 3129 arsurus
1110 3057 1147 3128 in
1165 3057 1354 3154 principie.

323 3208 390 3276 Hic
406 3205 519 3272 Codex
532 3204 669 3281 exhibet
685 3201 750 3268 ma
764 3223 836 3268 curn
851 3200 968 3279 Textu,
981 3201 1128 3267 Glossam
1144 3201 1334 3268 ordinariam
1349 3217 1380 3270 et
1394 3204 1633 3272 interlinearem.
1679 3207 1759 3274 Nul-

278 3323 343 3386 lam
356 3319 452 3384 habet
465 3319 498 3380 in
513 3316 594 3380 libro
608 3316 678 3400 ipso
694 3315 842 3399 Capitum
853 3311 1103 3380 distinctionem:
1126 3325 1158 3380 et
1172 3315 1206 3379 in
1219 3313 1283 3380 fine
1297 3327 1424 3380 notatur
1438 3327 1525 3382 vetus
1543 3316 1761 3402 Capitulorum

281 3432 458 3498 distinctio:
482 3430 514 3494 in
531 3426 694 3494 Ezechiele
709 3426 775 3491 scil.
791 3437 864 3490 sunt
881 3433 942 3490 120
951 3449 961 3502 ;
976 3425 1009 3488 in
1024 3423 1159 3490 Daniele
1175 3433 1226 3490 33.
1272 3426 1381 3504 Quare
1396 3449 1545 3494 numerus
1562 3429 1709 3516 Cupitum
1719 3453 1760 3494 ex

278 3542 431 3608 hodierna
457 3541 617 3620 divisione,
644 3539 700 3627 qui
720 3539 760 3604 ah
776 3537 949 3604 Ezechielis
966 3537 1078 3624 Capite
1100 3537 1147 3602 2⁶⁰
1161 3539 1195 3602 in
1217 3539 1345 3605 summis
1366 3539 1448 3604 foliis
1469 3553 1605 3620 notatur,
1634 3544 1761 3628 (partim

279 3656 376 3722 literis
393 3653 554 3731 Romanis,
581 3653 695 3740 partim
709 3651 791 3716 notis
807 3650 1048 3734 chameunis)
1074 3662 1122 3718 est
1142 3649 1162 3716 d
1182 3673 1278 3718 mauu
1300 3652 1455 3729 secundm
1478 3654 1563 3740 quod
1585 3667 1616 3720 et
1640 3654 1762 3720 diversa

277 3767 436 3842 ,scribendi
451 3766 530 3829 ratio
545 3764 618 3828 satis
633 3762 759 3828 indicat.

325 3878 467 3964 Scriptus
481 3887 529 3941 est
542 3875 594 3938 hic
609 3874 689 3940 liber
703 3873 776 3938 satis
790 3871 933 3958 pulchre,
949 3871 1045 3938 literis
1059 3870 1190 3956 paulum
1204 3873 1397 3938 acuminatis.

326 3989 507 4076 Praefigitur
520 3986 601 4051 libro
615 3985 675 4069 ipsi
690 3982 871 4067 Descriptio
886 3983 1055 4046 summaria
1070 3982 1212 4048 Civitatis
1223 3983 1406 4063 Jerusalem,
1424 4005 1493 4048 cum
1510 3985 1619 4072 figuris
1634 3988 1760 4074 aliquot.

326 4101 381 4168 Sic
395 4099 521 4184 incipit:
547 4107 568 4138 “
578 4097 757 4162 Locuturus
772 4093 813 4158 de
828 4093 1000 4158 Ezechielis
1014 4093 1213 4158 aedificio''-··

326 4212 380 4276 Sic
394 4209 525 4273 desinit:
550 4216 572 4250 ‘⁶
586 4208 645 4271 erit
659 4206 700 4272 ad
714 4205 910 4272 altitudinem
924 4205 1030 4270 altaris
1044 4205 1263 4292 complendam
1277 4207 1453 4272 necessaria
1467 4207 1628 4294 adjectio.''

324 4321 440 4386 Literis
454 4319 581 4384 minutis
597 4328 726 4382 exarata
739 4327 796 4394 est,
812 4327 844 4380 at
858 4316 968 4400 implet
981 4337 1037 4380 sex
1051 4314 1135 4382 folia.

326 4433 366 4498 ln
379 4431 488 4496 initio:
513 4429 644 4495 “Liber
660 4429 714 4494 sti
730 4427 861 4494 Cuthhti
875 4427 916 4492 de
931 4427 1103 4508 Duuelmo,
1130 4449 1170 4493 ex
1185 4427 1270 4494 douo
1286 4427 1393 4514 Magri
1410 4429 1497 4496 Heri.
1513 4430 1553 4496 de
1570 4432 1757 4522 Malsumby,

284 4553 306 4588 ‘⁶
320 4543 361 4608 ad
378 4543 555 4608 Commune
569 4539 781 4618 armariolum,
798 4549 829 4603 et
843 4537 922 4602 uuili
936 4537 1267 4606 accommodandum?

328 4653 470 4720 'ihomas
484 4652 525 4718 de
541 4650 720 4736 Melsamby
733 4649 809 4714 huic
825 4647 970 4716 Henrico
984 4648 1189 4736 cognominis,
1203 4647 1262 4716 fuit
1275 4649 1367 4735 hrp'us
1385 4651 1528 4737 Coenobij
1547 4653 1639 4719 Prior
1653 4656 1693 4720 ab
1708 4680 1763 4722 an-

284 4789 327 4831 no
344 4774 426 4831 1333
442 4765 483 4829 ad
500 4773 593 4830 1244.
639 4761 800 4828 Henricus
813 4760 876 4839 hic,
899 4761 932 4824 iu
950 4760 1127 4848 Evangeliis
1149 4771 1170 4824 4
1191 4761 1344 4850 glossatis,
1368 4763 1426 4842 [A.
1443 4787 1481 4829 11.
1499 4772 1566 4848 la]
1581 4779 1709 4834 vocatur
1724 4770 1764 4834 de

286 4877 482 4962 Melsaneby:

332 4987 461 5054 Videtur
478 4986 590 5053 Codex
604 4985 656 5050 hic
673 4985 813 5069 Scriptus
828 4982 921 5048 fuisse
936 4983 1058 5048 circiter
1072 4983 1211 5048 medirun
1228 4983 1387 5050 Centuriae
1405 4995 1471 5052 133.

208 5258 270 5328 28.
291 5249 446 5327 Damna
464 5272 511 5322 nr
528 5247 676 5322 Esnnas
694 5269 863 5321 auosarr.

330 5396 507 5462 Exhibetur
520 5394 583 5472 hic,
599 5416 663 5457 una
677 5415 749 5458 cum
764 5392 881 5469 Textu,
899 5391 1015 5457 Glossa
1029 5390 1188 5455 ordinaria
1201 5403 1234 5456 et
1247 5391 1462 5457 interlinearis.

329 5509 448 5576 Esdras
463 5505 680 5591 complectitur
695 5504 790 5569 libros
805 5503 895 5581 duos,
913 5501 1026 5566 Esdrae
1040 5501 1106 5566 scil.
1121 5514 1153 5567 et
1168 5502 1318 5568 Neemiae.

331 5620 474 5704 Scriptus
488 5629 536 5684 est
547 5616 601 5682 hic
617 5614 729 5682 Codex
744 5615 817 5680 satis
838 5611 981 5699 pulchre,
1005 5611 1128 5678 circiter
1149 5633 1267 5678 annum
1284 5621 1377 5691 1200,
1393 5624 1428 5678 ut
1441 5613 1573 5680 videtur.
1619 5616 1693 5684 Nou
1708 5619 1764 5688 ha·

285 5731 340 5796 bet
352 5728 538 5794 hodiernam
554 5725 703 5810 Capimm
723 5723 963 5792 distinctionem.
1009 5722 1048 5788 In
1062 5721 1126 5790 line
1149 5721 1261 5790 Eadroe
1277 5723 1496 5809 capitulorum
1510 5747 1658 5796 numerus
1673 5731 1764 5811 [Scil.

288 5849 356 5924 37.]
378 5852 411 5906 et
423 5850 610 5927 argumenta
622 5848 780 5904 notantur.

329 5951 512 6041 Praeligitur
532 5950 702 6039 Catalogm
718 5949 888 6018 Librorrun
904 5947 1098 6020 Biblicomm
1119 5948 1212 6018 certis
1226 5947 1374 6018 classibus
1396 5949 1618 6037 dispositorum
1639 5951 1700 6020 hcc
1715 5977 1766 6018 or-

330 6065 424 6130 dine:
448 6069 493 6145 [v.
510 6061 548 6128 B.
565 6085 588 6128 1.
607 6069 652 6144 1.]

331 6175 450 6243 Divina
465 6173 635 6260 Scriptura.

990 6279 1012 6322 1.
