4640 7842
780 1127 967 1184 nccnnsra
991 1125 1269 1183 curaturum.
1698 1117 1771 1202 207

75 1329 183 1408 ltlv.
197 1335 257 1405 24.
384 1329 440 1397 ori
456 1327 584 1395 Codicis
609 1327 709 1394 nostri
725 1328 902 1394 mactavit:
925 1351 966 1395 cx
985 1351 1118 1418 quarum
1142 1328 1331 1416 paucitatate
1350 1324 1493 1414 judicare
1513 1325 1586 1394 licet
1606 1327 1666 1396 hos
1687 1330 1768 1399 duos

80 1427 187 1480 lm·
389 1443 487 1510 libros
500 1463 559 1530 per
572 1440 956 1508 omniaferec'onsentire.

346 1555 549 1642 Adjiciuutur
561 1553 707 1642 quoedam
729 1554 762 1618 in
775 1555 918 1642 margine
939 1555 980 1620 sb
1002 1554 1064 1621 alii
1076 1575 1183 1632 manu,
1205 1552 1372 1620 recentiori
1393 1552 1521 1640 quidem
1535 1563 1568 1618 at
1581 1553 1709 1642 antiqui
1723 1567 1771 1621 ta·

389 1689 473 1732 men.

348 1777 446 1844 Bedae
462 1777 727 1866 Martyrologium
741 1777 851 1862 incipit
865 1800 885 1841 a
900 1775 1052 1842 Kalendis
1066 1775 1244 1842 Januariis:
1268 1772 1524 1860 Msnuscriptum
1538 1789 1770 1844 veronostram

390 1893 500 1978 incipit
514 1916 534 1956 a
547 1913 633 1956 nono
649 1891 785 1956 Kalend.
799 1892 930 1958 Januar.

350 2005 510 2090 Scriptum
536 2017 584 2068 est
605 2003 665 2068 hoc
689 2003 954 2092 Martyrologium
980 2003 1138 2091 eleganter
1145 2026 1154 2078 3
1186 2001 1277 2064 lineis
1299 2001 1445 2088 integris3
1468 2002 1565 2068 literis
1586 2005 1771 2085 minoribus,

392 2117 554 2194 rotundis3
577 2129 649 2181 ante
664 2138 762 2180 aunos
778 2117 900 2216 circiter
915 2125 989 2181 600.

292 2256 321 2319 7.
345 2247 545 2316 Evnucnam
561 2271 598 2316 ru
616 2251 791 2316 Cnmruao
807 2269 1079 2314 rnouunrmuon
1094 2268 1159 2311 rna
1175 2267 1310 2312 nanum.
1585 2250 1653 2314 Fol.
1670 2261 1721 2318 89.
1739 2252 1771 2316 b.

350 2361 403 2427 Sic
424 2361 595 2447 incipiunt:
628 2361 713 2425 “IN
745 2359 888 2426 VIGlL.
913 2359 1083 2424 NATAL.
1107 2358 1203 2424 D'NI
1227 2361 1260 2424 S.
1284 2359 1439 2424 MATH.
1485 2359 1569 2426 Cum
1594 2374 1675 2426 esset
1699 2362 1771 2428 des-

394 2481 416 2516 “
430 2485 562 2560 ponsata
575 2483 676 2538 mater
689 2472 796 2538 Jesu.”

259 2647 261 2657 ,
350 2587 404 2652 Ab
419 2586 529 2651 eidem
543 2607 639 2650 manu
653 2597 726 2650 sunt
740 2607 812 2650 cum
828 2583 1069 2674 Martyrologio‚
1086 2585 1137 2650 cui
1151 2583 1329 2650 immediati
1344 2585 1585 2673 subjunguntur.

293 2731 325 2786 8.
348 2720 644 2788 Cousrrrurrouns
660 2719 861 2784 Lauranucr
878 2721 1061 2784 Aacnrn’rr
1079 2719 1256 2784 Cnuruna.
1602 2721 1656 2786 sol.
1673 2727 1726 2792 47.

354 2833 406 2899 Sic
420 2833 592 2919 incipiunt:
618 2841 639 2874 ‘⁶
651 2831 846 2896 Lanfrancus
868 2831 1016 2919 indignus
1033 2831 1086 2897 sti
1101 2831 1354 2897 Dorobernensis
1378 2831 1487 2896 Ecclie
1503 2834 1653 2912 Anticles,
1677 2834 1773 2900 dilec-

394 2953 417 2988 “
430 2944 556 3008 tissimis
570 2943 718 3008 fratribus
732 2943 807 3021 suis,
824 2941 968 3008 Henrico
985 2943 1098 3020 Priori,
1114 2955 1146 3007 et
1162 2943 1292 3008 Caeteris
1308 2943 1511 3026 [Monachis]
1526 2945 1657 3010 salutem
1672 2957 1704 3011 et
1717 2947 1773 3013 be·

395 3063 417 3098 ‘⁶
431 3055 672 3120 nedictionem.”

351 3165 455 3231 Mittit
473 3166 514 3230 ad
531 3165 674 3232 Priorem
689 3177 721 3232 et
736 3165 914 3232 Monachos
931 3166 1182 3246 Cantuaricnses,
1207 3171 1256 3252 (ut
1270 3167 1336 3252 ipse
1351 3169 1394 3231 eit
1408 3169 1440 3230 in
1458 3169 1659 3253 Praefatione)
1676 3167 1773 3236 Ordi-

392 3297 441 3340 ms
456 3276 505 3340 sui
527 3275 757 3358 [Benedictini]
772 3277 1013 3345 consuetudines
1035 3277 1175 3361 scriptas,
1198 3297 1276 3363 quas
1298 3279 1454 3362 excerpsit
1475 3302 1515 3342 ex
1532 3280 1776 3346 Consuetudini-

394 3387 454 3453 bus
468 3410 575 3452 eorem
591 3389 807 3454 Cenobiorum
829 3412 890 3476 que
905 3389 1030 3474 majoris
1052 3387 1244 3452 auctoritatis
1259 3399 1332 3450 sunt
1347 3388 1379 3450 in
1394 3389 1504 3453 ordine
1527 3389 1772 3458 Monachorum.

397 3498 588 3564 Addidimus
608 3523 734 3588 quoque
755 3501 830 3583 [eit]
851 3522 1018 3586 perpauca,
1042 3511 1073 3564 et
1091 3497 1279 3563 mutavimus
1299 3499 1470 3576 nonnulla3
1493 3514 1525 3565 et
1548 3503 1684 3569 maxime
1708 3505 1772 3568 “in

396 3610 629 3676 “celebrandis
651 3611 839 3700 quibusdum
863 3612 983 3690 Festis:
1007 3609 1210 3676 excellentiis
1232 3609 1265 3674 in
1280 3610 1386 3702 postris
1411 3611 1551 3679 Ecclesit
1573 3628 1718 3700 oportere
1737 3638 1775 3680 ea

395 3729 417 3762 “
431 3723 482 3810 agi
498 3734 669 3800 censentes,
684 3733 815 3808 propter
832 3722 1003 3786 Primatem
1018 3720 1154 3786 sedem.”

352 3833 442 3898 Nihil
465 3834 582 3898 habent
598 3835 845 3900 Constitutiones
866 3833 918 3897 hae
940 3855 1106 3898 commune
1129 3855 1202 3897 cum
1225 3833 1389 3898 Benedicti
1414 3835 1547 3924 Reguli.
1591 3837 1676 3903 Haec
1691 3838 1775 3904 enim

393 3946 543 4032 proponit
555 3945 717 4034 generales
733 3956 856 4008 tantum
874 3945 1012 4032 Regulas
1034 3945 1067 4007 in
1082 3944 1144 4010 viti
1162 3943 1395 4010 Monachorum
1411 3946 1637 4012 observandas:
1663 3949 1726 4014 Sed
1740 3951 1774 4014 in

396 4057 679 4121 constitutionibus
701 4055 751 4118 his
776 4055 990 4140 praescribitur
1014 4054 1105 4120 Ordo
1128 4054 1308 4119 calebrandi
1330 4057 1437 4120 divina
1459 4057 1572 4122 Officia
1593 4081 1650 4144 per
1672 4072 1773 4126 totum

395 4169 471 4232 anni
485 4168 646 4232 circulum.
693 4167 907 4252 Subjiciuntur
922 4167 1036 4231 deinde
1053 4165 1196 4254 Regulus,
1220 4167 1332 4251 primo,
1353 4167 1391 4231 iis
1406 4169 1460 4253 qui
1475 4190 1607 4232 munero
1621 4169 1727 4258 aliquo
1741 4172 1775 4236 in

397 4276 594 4343 Monasterio
608 4277 829 4366 fungebantur,
845 4277 983 4362 propria
991 4300 1000 4353 ;
1016 4274 1140 4353 deinde,
1158 4273 1327 4340 Monacbis
1342 4276 1489 4342 omnibus
1502 4300 1696 4345 communes.

280 4369 283 4378 .
352 4391 462 4456 Edidit
485 4391 606 4476 primus
626 4390 684 4455 has
706 4389 952 4456 Constitutiones
976 4389 1153 4474 Reynerius
1174 4389 1207 4451 in
1231 4389 1418 4474 Apostolatu
1442 4389 1718 4458 Benedictinorum
1740 4395 1774 4459 in

394 4501 522 4591 Anglii,
549 4501 582 4566 in
597 4501 783 4588 Appendice
798 4499 863 4579 8²⁵¹,
879 4521 951 4588 pag.
978 4497 1136 4578 2[Dnaci
1161 4506 1254 4576 1626,
1277 4498 1348 4580 fol]
1393 4499 1457 4565 Sed
1478 4524 1587 4566 earum
1608 4503 1719 4569 divisio
1740 4507 1774 4571 in

391 4623 433 4680 05
450 4613 564 4700 Capita
578 4617 727 4701 (quorum
741 4613 879 4700 primum
894 4609 989 4675 babet
1012 4619 1048 4674 ll
1069 4609 1229 4676 Sectiones
1244 4612 1387 4697 majores,
1410 4611 1439 4676 ei
1453 4613 1559 4697 plures
1573 4615 1724 4700 minores)
1739 4619 1773 4682 in

392 4737 502 4790 nostro
517 4725 637 4791 Codice
649 4723 737 4790 nulla
751 4736 807 4788 est
854 4723 936 4788 Sunt
950 4733 1056 4786 autem
1070 4721 1178 4786 multae
1195 4721 1355 4787 Sectioaes
1376 4723 1524 4802 minores,
1541 4725 1674 4810 (eaedem
1688 4727 1772 4814 pler.

392 4859 483 4926 aeque
496 4859 568 4925 quae
582 4837 616 4900 in
630 4837 712 4900 libro
726 4835 824 4918 edito)
840 4835 936 4898 literis
951 4833 1042 4918 pictis
1057 4832 1221 4898 distinctae.

350 4949 538 5027 Dacherius,
554 4969 685 5034 operum
702 4945 871 5010 Lenfrcnci
886 4945 998 5022 editor,
1021 4945 1196 5030 suspicatur
1210 4945 1363 5010 nonnulla
1376 4945 1409 5009 in
1424 4943 1473 5010 his
1488 4969 1508 5010 a
1522 4949 1771 5018 consarcinatore

391 5073 541 5150 congesta
553 5059 657 5125 fuisse.
704 5057 768 5124 Sed
782 5079 823 5122 an
838 5079 913 5122 vera
925 5057 966 5122 sit
979 5079 1018 5121 ea
1038 5057 1174 5142 suspicio
1195 5058 1314 5124 dubito.
1361 5059 1472 5126 Codex
1487 5062 1571 5129 certe
1584 5075 1700 5143 noster,
1716 5067 1771 5153 qui

391 5195 491 5238 annos
512 5181 577 5239 600
601 5170 729 5248 habere,
757 5167 911 5256 (adeoque
934 5167 1113 5234 Laofranco
1137 5169 1207 5254 ipso
1228 5191 1293 5234 noa
1318 5169 1419 5236 multo
1445 5173 1612 5256 recentior)
1635 5174 1768 5256 videtin,

393 5294 545 5370 quantum
558 5281 667 5346 leviter
681 5279 876 5366 percurrenti
890 5278 1057 5344 observare
1071 5277 1171 5362 licuit)
1194 5301 1266 5346 curn
1283 5281 1483 5370 Reyneriano
1503 5305 1561 5369 per
1575 5285 1680 5350 omnia
1694 5307 1770 5352 cou-

394 5393 509 5459 sentire
523 5392 607 5457 visus
621 5402 678 5456 est

352 5505 494 5591 Scriptus
508 5515 556 5568 est
569 5502 658 5568 lineis
673 5502 803 5592 integris
811 5527 820 5580 ;
842 5502 940 5570 literis
954 5503 1138 5582 minoribus,
1155 5503 1308 5582 rotundis,
1324 5503 1528 5593 elegantibus.

292 5655 324 5711 9.
347 5641 553 5710 Gumrrranr
579 5639 859 5706 Duuuaauensrs
886 5639 960 5706 E’rr
985 5639 1154 5706 Errsrona
1177 5661 1222 5706 no
1247 5639 1443 5710 Monacuos
1468 5642 1763 5714 Duuurannnsns.

349 5867 403 5932 Sic
416 5866 543 5951 incipit:
567 5873 590 5908 “
605 5864 704 5932 Guill.
720 5862 934 5930 Dunhelmen.
949 5868 1007 5930 &c
1052 5864 1127 5930 Non
1141 5865 1238 5932 crdo
1251 5887 1307 5932 vos
1321 5867 1562 5934 discredere’'-
1599 5756 1652 5823 f⁰¹·
1669 5765 1720 5829 ⁷4·

349 5975 472 6062 Scripta
486 5976 609 6042 videtur
621 5975 691 6042 hoec
707 5974 849 6060 Epistola
863 5998 883 6038 a
897 5973 1068 6040 Guillelmo
1084 5973 1252 6062 Episcopo,
1275 5977 1387 6062 primo,
1412 5977 1521 6064 quide
1543 5978 1658 6044 Sancto
1674 5978 1765 6045 Ceri·

390 6085 453 6152 lelo
466 6085 568 6154 dictus
589 6098 652 6164 est;
675 6107 748 6151 cum
763 6107 782 6150 a
797 6083 969 6151 Guillelmo
986 6085 1085 6176 Rege,
1108 6087 1257 6166 secundo,
1274 6087 1466 6175 Episcopatu
1481 6089 1601 6176 pulsus,
1622 6087 1705 6156 exul.
1728 6088 1763 6153 in
