4630 7860
815 1045 1003 1102 acanum
1021 1043 1300 1103 uunutmusls.
1769 1035 1796 1100 ὅ

241 1297 251 1316 .
308 1243 492 1310 neuma
508 1243 696 1314 Paestanas
717 1247 777 1314 aa
800 1249 1030 1334 onerarias)
1052 1250 1085 1314 a
1101 1249 1247 1318 erasm
1268 1271 1326 1316 a..
1342 1245 1545 1316 alstano.
1591 1245 1655 1320 aa
1670 1247 1704 1314 a
1722 1248 1802 1314 c...
1845 1223 1849 1230 '

310 1355 459 1438 dinalem,
475 1358 660 1449 designatur
674 1361 754 1427 forte
770 1363 949 1448 Stephanus
965 1363 1125 1453 Langton,
1142 1363 1409 1449 Archieplscopus
1426 1359 1671 1438 cantuariensis,
1687 1369 1720 1426 et
1736 1359 1804 1432 llo·

310 1490 417 1535 manae
432 1469 585 1539 Ecclesiae
600 1473 788 1554 Cerdinslis,
803 1475 859 1562 qui
875 1475 1148 1542 Commentariun
1170 1475 1289 1562 (adhuc
1303 1473 1471 1556 ineditum)
1493 1471 1526 1537 in
1543 1470 1804 1559 Heptateuchum

311 1581 446 1667 scripsit.

355 1693 455 1758 Liber
469 1693 514 1758 sic
529 1694 639 1782 incipit
650 1721 657 1761 :
683 1705 704 1739 ‘⁶
716 1697 843 1762 Volavit
853 1697 894 1762 ad
905 1719 957 1762 me
970 1719 1053 1763 unus
1063 1697 1105 1762 de
1121 1697 1288 1784 Seraphin,
1304 1709 1336 1762 et
1350 1697 1422 1762 tulit
1435 1719 1509 1762 cum
1519 1696 1638 1788 forcipe
1649 1696 1805 1768 calculum

311 1813 334 1848 “
348 1804 483 1892 ignitum
497 1806 538 1872 de
553 1808 644 1872 altari
659 1809 700 1872 ad
714 1809 916 1898 purgandum
930 1809 1015 1874 labia
1028 1833 1108 1875 mea.
1153 1809 1263 1874 Verba
1276 1821 1350 1874 sunt
1364 1807 1490 1874 Yseie.'’

358 1917 500 2002 Scriptus
516 1931 563 1983 est
577 1919 629 1984 hic
647 1920 759 1986 Codex
773 1921 864 1986 lineis
881 1921 1008 1999 divisis3
1022 1923 1121 1990 literis
1130 1923 1268 2001 minutis,
1281 1919 1536 2010 atelegantibus:
1553 1921 1609 1988 sed
1624 1920 1665 1990 ob
1674 1920 1813 1990 honora

312 2026 427 2092 misere
441 2028 634 2095 deformatus
649 2045 716 2110 est3
739 2054 813 2096 nam
828 2031 903 2098 folia
916 2032 980 2098 ima
993 2034 1188 2121 nigrescunt,
1204 2045 1236 2100 et
1250 2033 1330 2100 adeo
1345 2032 1498 2100 tenacitur
1513 2031 1684 2110 cohaerent,
1699 2045 1735 2120 ut
1749 2031 1810 2095 nisi

314 2137 451 2204 lacerata
465 2161 530 2204 non
544 2141 744 2207 divellantur.
790 2142 865 2207 Non
880 2155 985 2228 potest
999 2167 1066 2208 esse
1082 2144 1233 2209 vetustior
1246 2143 1396 2232 Hugonis
1412 2143 1452 2211 de
1469 2144 1502 2212 S.
1515 2143 1599 2212 Caro
1610 2153 1721 2220 aetate3
1737 2143 1812 2230 quia

235 2225 264 2297 Ῑ
315 2249 349 2314 in
373 2252 534 2318 nonnullis
548 2253 637 2318 libris
652 2267 801 2319 notantur
815 2256 849 2318 in
863 2255 1006 2343 margine
1023 2256 1136 2341 Capita
1151 2255 1192 2322 ad
1207 2279 1280 2322 eum
1294 2256 1424 2323 modum
1439 2255 1587 2324 distincta
1600 2277 1693 2342 quem
1711 2253 1816 2343 Hugo

315 2361 438 2446 primns
453 2363 597 2443 instituit,
616 2387 772 2453 quemque
794 2377 853 2431 nos
867 2365 963 2432 hodie
978 2367 1148 2454 sequimur.
1195 2367 1259 2434 Sed
1282 2367 1316 2430 in
1339 2367 1408 2435 aliis
1422 2367 1512 2432 libris
1534 2367 1581 2452 (iu
1597 2367 1716 2434 Genesi
1730 2386 1815 2452 pne-

317 2473 439 2557 sertim)
455 2477 627 2542 omittitur:
651 2476 732 2542 adeo
746 2490 782 2542 ut
795 2501 833 2542 ea
848 2477 1007 2542 distinctio
1020 2500 1085 2542 non
1101 2477 1256 2557 videatur,
1274 2492 1342 2548 turn
1357 2501 1430 2548 curu
1444 2478 1497 2544 bic
1511 2477 1592 2544 liber
1606 2490 1752 2546 exaratus
1767 2491 1816 2546 eet

319 2584 353 2648 in
368 2606 569 2654 communem
585 2611 677 2654 usum
689 2603 815 2674 recepta
825 2589 929 2656 luisse.
975 2589 1122 2676 AEqualis
1137 2591 1232 2678 igitur
1246 2590 1326 2658 sorte
1341 2605 1388 2662 est
1404 2591 1549 2678 fingant,
1565 2591 1619 2678 qui
1634 2613 1718 2658 anuo
1731 2598 1816 2660 1260

320 2695 417 2761 obiit:
441 2699 528 2785 quod
543 2712 629 2765 etex
645 2701 711 2785 ipsi
729 2700 902 2785 Scripturae
916 2699 1017 2765 formai
1033 2702 1188 2787 conjicere
1202 2701 1287 2766 licet.

235 2975 269 3043 8.
293 2967 477 3043 Posrruna
497 2985 615 3038 suras
634 2960 783 3051 Isarau,
802 2961 1017 3050 Jananmnr,
1038 2960 1278 3036 Ezanraamr.

365 3112 493 3180 Titulus
508 3109 541 3174 in
557 3109 620 3174 fine
635 3107 760 3197 legitur.
807 3109 860 3173 Sic
874 3108 1045 3194 incipiunt:
1071 3116 1092 3148 “
1104 3107 1273 3174 Habemus
1283 3109 1455 3175 firmiorem
1467 3132 1643 3176 sermonem
1658 3111 1822 3200 propheti-

322 3233 345 3267 “
360 3248 433 3293 cum
448 3224 500 3289 cui
521 3223 602 3286 bene
624 3221 723 3285 facitis
745 3220 952 3299 attendentes,
976 3221 1065 3307 quasi
1086 3221 1215 3285 lucerne
1237 3221 1353 3286 lucenti
1375 3223 1408 3285 in
1428 3224 1599 3314 caliginoso
1613 3225 1695 3305 loco,
1717 3225 1819 3294 donec

324 3347 346 3380 “
359 3338 520 3402 illucescat
535 3335 613 3413 dice,
628 3345 662 3398 et
674 3331 784 3398 lucifer
799 3334 962 3398 exoriatur
975 3331 1008 3396 in
1024 3332 1172 3397 cordibus
1187 3334 1307 3398 vestris.
1353 3334 1421 3398 Pet.
1442 3337 1489 3400 1.’'

363 3449 523 3514 Volumeu
538 3468 678 3512 crassum
688 3459 755 3524 est3
771 3445 862 3510 lineae
876 3445 909 3508 iu
925 3444 1031 3509 medio
1045 3443 1121 3508 folio
1136 3445 1261 3524 divisae3
1287 3445 1386 3511 literae
1401 3469 1507 3532 parvae
1522 3462 1554 3518 et
1568 3448 1745 3540 elegantes3
1761 3450 1817 3514 sed

323 3563 399 3628 folia
413 3585 536 3628 summa
550 3559 666 3650 magni
681 3573 770 3646 parte
785 3557 919 3623 humore
934 3557 1193 3646 conglutinantur
1202 3584 1212 3638 3
1228 3571 1260 3623 et
1275 3560 1307 3622 in
1323 3560 1387 3624 fine
1402 3559 1474 3624 libri
1489 3583 1618 3648 prorsus
1633 3563 1805 3648 perierunt.

368 3677 452 3742 Cum
467 3673 622 3739 hodierna
639 3672 788 3757 Cupitum
803 3670 963 3735 distinctio
978 3670 1010 3734 in
1025 3671 1168 3760 margine
1182 3683 1321 3750 notetur,
1342 3694 1407 3738 non
1422 3685 1526 3760 potest
1541 3673 1592 3740 hic
1609 3673 1723 3740 Codex
1737 3675 1818 3744 anti-

325 3787 418 3876 quior
433 3810 501 3852 esse
515 3788 582 3874 ejus
604 3783 812 3850 distinctionis
835 3796 972 3864 auctore,
997 3783 1140 3872 Hugone
1155 3783 1195 3850 de
1212 3786 1245 3851 S.
1271 3786 1365 3864 Coro,
1390 3789 1514 3874 (1260.)
1561 3787 1624 3852 Sed
1647 3811 1706 3853 nec
1720 3787 1823 3854 multu

325 3899 483 3965 recentior
498 3909 555 3963 est.

240 4169 276 4247 9.
304 4160 502 4247 Posrrana,
530 4159 605 4234 sive
632 4163 693 4258 (ut
708 4168 886 4232 vocantur
903 4159 941 4230 in
965 4155 1038 4232 fine
1055 4155 1157 4252 libri)
1184 4156 1332 4232 Gaossn
1358 4157 1442 4232 satis
1467 4157 1633 4258 prolixa,
1662 4169 1821 4246 suasus

336 4283 574 4370 Eunuchum,
603 4279 810 4356 Emsronas
828 4279 1059 4368 Canorucas,
1086 4278 1294 4356 Canrrcun
1316 4281 1587 4372 Canrrcoaun,
1607 4281 1820 4360 Arocamr-

339 4435 411 4498 stu,
432 4409 614 4482 Exonun.

372 4557 426 4623 Sic
448 4558 622 4643 incipiunt:
648 4557 768 4622 “Cum
791 4566 858 4620 tota
879 4577 969 4620 sacra
992 4555 1155 4642 Scriptura
1175 4554 1276 4640 possit
1297 4555 1360 4623 dici
1382 4555 1622 4646 Evangelium.”
1683 4557 1822 4630 Pulchre

324 4681 471 4735 exaratus
483 4681 550 4746 est3
565 4668 656 4734 lineis
667 4666 857 4746 dimidiatis3
872 4667 969 4732 literis
978 4665 1200 4746 mediocribus,
1213 4665 1337 4733 modice
1348 4669 1552 4748 acuminatis3
1568 4669 1624 4742 sed
1636 4669 1677 4738 eb
1687 4669 1822 4742 humore

326 4783 358 4846 in
373 4780 438 4846 find
453 4781 526 4844 libri
538 4779 709 4845 admodum
725 4791 893 4865 corruptus
908 4791 964 4844 est.
1010 4778 1086 4843 Non
1099 4777 1196 4843 habet
1206 4777 1391 4848 hodiernam
1409 4779 1558 4867 Cupitum
1569 4779 1820 4858 distinctionem

325 4895 404 4981 itaq3
423 4893 567 4981 Hugone
584 4891 717 4957 Curensi
734 4892 801 4978 (qui
816 4891 896 4956 obiit
909 4913 960 4956 au.
979 4892 1076 4974 1260)
1092 4892 1244 4958 vetustior
1257 4891 1392 4962 videtur.

247 5186 304 5255 10.
332 5187 365 5253 1.
384 5178 541 5255 Oneum
559 5201 676 5255 suasa
693 5177 954 5254 Evancunruu
972 5175 1148 5254 Marum.

375 5328 502 5394 Titulus
515 5327 568 5392 hic
582 5329 616 5392 in
630 5328 706 5393 folio
726 5327 831 5413 primo
851 5337 900 5394 est
920 5351 941 5393 a
960 5349 1057 5394 manu
1072 5326 1192 5414 primi:
1216 5325 1273 5392 sed
1287 5348 1353 5390 non
1375 5336 1449 5394 sunt
1470 5321 1636 5406 Homtia,
1658 5338 1692 5399 st
1712 5327 1823 5418 'Expo-

325 5442 398 5507 sitio
421 5453 574 5527 perpetua
598 5441 692 5526 hujus
720 5440 896 5530 Evangelij,
927 5441 1016 5526 cujus
1045 5441 1142 5504 verba
1166 5439 1235 5524 ipsa
1257 5437 1369 5522 (literis
1395 5436 1544 5520 miniatis)
1568 5436 1824 5527 latomi-stationi

323 5555 516 5619 inseruntur.
575 5552 739 5619 Dividitur
764 5565 869 5616 autem
898 5551 933 5614 in
956 5551 1071 5636 Capita
1102 5560 1187 5627 1003
1214 5570 1349 5636 quorum
1370 5550 1514 5617 omilium
1534 5567 1722 5640 argumenta
1741 5555 1825 5628 libro

324 5667 545 5756 praefiguntur.
592 5665 644 5731 Ex
658 5688 707 5754 gr.
754 5665 868 5751 “Cap.
885 5668 915 5750 (1
957 5665 981 5746 .)
998 5663 1150 5732 introitus
1164 5663 1206 5732 sd
1219 5663 1343 5732 literam
1358 5663 1460 5734 Libri.

328 5789 351 5822 “
366 5782 425 5865 (2.)
449 5779 550 5844 Liber
565 5777 788 5845 Generationis
802 5776 880 5842 Jesu
896 5775 1025 5844 Christi.

328 5901 350 5934 “
366 5894 425 5978 (8.)
450 5890 533 5957 Cum
548 5903 630 5956 esset
644 5891 832 5976 desponsata
845 5901 947 5954 mater
960 5891 1037 5977 ejus.

330 6016 352 6050 “
367 6009 428 6094 (4.)
453 6007 537 6073 Cum
552 6021 644 6072 natus
659 6019 741 6072 esset
755 6006 847 6072 Jesus
866 6007 899 6070 in
915 6003 1104 6072 Bethlehem
1118 6004 1233 6072 Jude.”

374 6119 481 6206 Caput
505 6128 550 6184 1²¹¹
564 6120 609 6186 sic
630 6119 757 6206 incipit:
790 6119 906 6185 “Cum
927 6129 1000 6205 post
1022 6118 1250 6190 Ascensioaen
1271 6117 1405 6188 Domini
1430 6117 1567 6206 Spiritus
1591 6118 1726 6194 Sanam
1751 6141 1822 6194 001⁴

1011 6250 1036 6296 n
