4634 7874
503 971 578 1058 272
1025 991 1184 1046 oonrcee
1210 987 1469 1046 musenim

217 1105 418 1173 APPBNDIX.

220 1201 275 1244 nm
289 1201 413 1248 ntum
426 1195 487 1270 30,
501 1198 554 1263 42.
576 1193 727 1282 Sequitur
741 1193 782 1259 de
796 1191 964 1260 duodecim
981 1192 1086 1282 Signis
1101 1192 1179 1280 nlijs.

266 1247 359 1294 mmo·
506 1314 560 1376 tt.
582 1303 637 1371 De
650 1303 761 1375 eodem
778 1303 878 1370 Libro
892 1317 1052 1390 sumptum
1067 1317 1124 1370 est

508 1425 561 1485 te
585 1415 810 1482 Meditstiones
826 1415 982 1482 Bemerdi
997 1417 1160 1502 incipiunt.

507 1535 561 1596 tn
584 1525 637 1592 De
652 1527 817 1616 nignitate
833 1527 958 1594 Anime
973 1529 1002 1596 tt
1020 1527 1164 1596 Utilitste
1178 1527 1342 1614 Corporis.

508 1649 561 1706 46.
585 1639 638 1704 De
655 1639 842 1706 Poenitente.

508 1759 561 1822 47.
585 1751 638 1818 De
655 1751 748 1817 Bnno
762 1750 938 1822 obediente.

509 1871 563 1935 to.
585 1861 640 1930 De

510 1981 563 2041 49.
587 1973 685 2052 Quod
707 1971 834 2061 quondo
858 1971 970 2038 Homo
991 1973 1087 2040 intret
1109 1971 1283 2040 Ecclesium
1305 1971 1347 2040 ed
1366 1969 1524 2038 urendum
1546 1965 1782 2036 Soll'mitudines

586 2106 684 2150 venos
698 2084 903 2173 relinquetur.

514 2205 567 2264 60.
591 2195 690 2274 Quod
707 2195 818 2264 Homo
831 2217 897 2262 non
912 2193 1007 2262 debet
1020 2193 1132 2262 timere
1145 2193 1300 2260 Mortem.

514 2319 566 2378 ⁵1.
589 2309 643 2374 De
658 2307 867 2394 Inspectione.

514 2427 567 2490 te.
590 2419 644 2484 De
661 2419 865 2484 Reveletione
881 2417 1089 2486 Peccatorum
1101 2437 1160 2504 per
1174 2417 1418 2486 Conscientiem.

514 2540 566 2599 53.
591 2531 762 2608 Quomodo
777 2530 902 2598 initnici
917 2531 1066 2598 Atrinum
1081 2529 1326 2596 circumvelisnt.

447 2629 451 2638 ’
515 2651 567 2712 ns
590 2643 643 2710 Dc
660 2643 901 2732 impugnatione
918 2643 1070 2710 Hostium
1085 2643 1345 2730 propinquorum.

593 2755 690 2822 Liber
705 2756 745 2822 de
762 2757 962 2844 Compendio
977 2757 1164 2845 'Ibeologiae
1178 2757 1212 2820 in
1227 2778 1290 2844 quo
1305 2765 1457 2822 tractetur

590 2868 632 2934 dc
648 2869 821 2936 Auxilio&
837 2869 877 2934 de
892 2869 1009 2934 ultimis
1025 2869 1281 2955 Temporibus&
1296 2867 1402 2934 sutum
1415 2863 1543 2934 Judicio
1556 2866 1616 2932 dte.

529 3025 591 3086 'lire
603 3028 723 3086 different
734 3029 828 3086 Trects
845 3029 987 3087 conmincd
1001 3029 1030 3086 in
1051 3029 1102 3086 tbis
1120 3029 1243 3096 volume,
1263 3045 1308 3086 nte
1328 3028 1363 3086 cll
1383 3025 1418 3086 oi
1430 3027 1503 3086 tbcm
1522 3027 1552 3083 in
1573 3023 1816 3098 nehus-erinng
1834 3025 1868 3082 ol
1879 3025 1926 3082 tbe
1940 3026 2002 3082 rrtn

1164 3133 1284 3196 senem.

434 3451 494 3522 31.
522 3439 605 3518 'ibe
621 3440 927 3518 common-Pisce
945 3441 1049 3518 Book
1066 3439 1113 3516 of
1130 3441 1291 3517 Tbomss
1306 3441 1410 3530 Cerr,
1436 3437 1588 3516 student
1612 3438 1660 3514 of
1673 3439 1781 3514 Peter
1799 3438 1940 3529 Honsc,
1967 3439 2006 3513 in

568 3565 715 3642 Cnmbr.
735 3565 848 3640 Anno
867 3563 974 3654 1609,
1001 3564 1074 3640 and
1091 3563 1300 3640 eiierwnrds
1326 3565 1466 3641 Rector
1483 3563 1528 3640 of
1540 3563 1776 3653 Himsworth,
1804 3563 1876 3638 and
1893 3561 2007 3638 Vicnr

572 3689 618 3766 of
628 3687 798 3790 Aycliffc,
818 3689 1030 3790 containing
1046 3691 1169 3790 copies
1186 3687 1231 3765 of
1241 3687 1398 3780 Lettcrs,
1418 3687 1569 3790 College
1587 3687 1789 3778 Exercises,
1817 3685 1934 3762 Notes
1951 3685 2009 3764 for

573 3811 753 3903 Sermons,
774 3817 840 3890 &c

435 4167 496 4238 32.
523 4159 560 4236 A
577 4161 679 4236 thick
697 4160 810 4250 Folio,
830 4163 1042 4262 containing
1059 4159 1289 4262 Transcripts
1306 4161 1351 4238 of
1362 4159 1836 4262 Proceeclingsvouchers,
1855 4164 1924 4238 &c
1938 4166 2006 4238 &o

574 4287 612 4360 in
630 4313 651 4361 n
667 4287 740 4360 suit
755 4287 921 4360 between
939 4286 1001 4361 tbc
1021 4285 1252 4386 Archbishop
1277 4287 1323 4360 of
1334 4286 1434 4362 York
1451 4287 1525 4360 and
1550 4286 1612 4362 the
1630 4286 1738 4362 Deen
1754 4284 1828 4360 end
1845 4285 2008 4385 Chapter

574 4407 620 4484 of
631 4409 809 4498 Durham,
828 4411 866 4484 in
887 4416 992 4498 1587,
1011 4413 1048 4484 in
1067 4436 1088 4484 a
1113 4411 1279 4510 question
1297 4409 1343 4486 of
1357 4410 1605 4488 Jurisdiction.
1656 4413 1748 4488 Sede
1763 4413 1930 4490 numne
1947 4435 2009 4488 vo·

574 4547 687 4610 cante.
738 4533 839 4608 With
856 4534 918 4610 the
935 4533 1122 4634 following
1139 4535 1258 4610 Index
1274 4563 1336 4610 :-

530 4690 557 4746 l.
574 4681 695 4748 Actori
712 4681 820 4748 Curioe
835 4683 930 4748 series
944 4705 964 4747 s
978 4681 1031 4747 fol.
1047 4690 1068 4746 2
1083 4705 1152 4770 usq.
1167 4681 1208 4748 nd
1224 4691 1276 4749 25.

655 4793 844 4860 commissio
860 4795 962 4885 Regis
975 4794 1140 4862 indiuisus
1153 4795 1315 4886 delegetis.

656 4907 913 4974 Procuratorium
930 4907 1043 4974 Frnnc.
1061 4908 1158 4974 Clerk
1172 4931 1213 4974 ex
1221 4921 1310 4996 perte
1322 4907 1444 4974 Decsn.
1460 4921 1491 4973 et
1499 4905 1628 4994 capitoli
1643 4907 1813 4976 Dmrelm.”

656 5018 809 5086 inhibitio
823 5033 932 5086 contro
948 5021 1097 5110 Archiep.
1115 5021 1257 5088 Eborum
1266 5035 1300 5087 et
1314 5019 1358 5088 D.
1371 5019 1495 5086 Burton
1510 5043 1582 5086 cum
1593 5021 1789 5088 citationend

597 5194 601 5200 .
701 5132 959 5218 competendum.

660 5241 917 5308 Procuratorium
934 5243 990 5308 Mu
1010 5241 1159 5308 Theekcr
1174 5259 1205 5309 et
1220 5245 1299 5342 nliop
1312 5265 1355 5309 ex
1368 5255 1459 5330 perte
1475 5242 1725 5330 Archiepisoopi.

660 5352 917 5420 Procuratoriom
931 5355 1071 5442 ejusdem
1087 5353 1216 5420 'I’heker
1230 5367 1262 5420 et
1275 5355 1355 5456 nliop
1367 5375 1410 5420 cx
1424 5367 1514 5442 perte
1528 5355 1573 5421 D.
1591 5354 1724 5420 Bmtcn.

575 5464 718 5532 Libellus
733 5465 947 5554 Apelletorius
961 5484 1071 5532 contre
1086 5466 1236 5552 Arcbiep.
1251 5481 1283 5532 et
1298 5467 1342 5532 D.
1359 5467 1493 5532 Burton.

662 5577 851 5643 Commissio
867 5577 968 5668 Regin
984 5577 1204 5666 Adjunctionis
1227 5577 1307 5677 eliop
1329 5577 1524 5668 Delegetorir
1538 5589 1718 5665 presentem
1732 5599 1791 5665 per

704 5687 835 5754 'lbeker
849 5695 1052 5775 procurntme
1062 5689 1316 5776 'Arclriepiscopi

578 5795 736 5886 Allegstio
751 5799 815 5864 sive
830 5800 961 5866 materia
974 5799 1048 5866 dats
1061 5822 1119 5886 per
1134 5799 1264 5865 Theker
1278 5821 1319 5864 ex
1333 5813 1422 5888 perte
1438 5801 1687 5888 Arcbiepiscopi.

666 5908 783 5974 Cicutio
797 5925 907 5977 contra
922 5910 1071 5998 Archiep.
1094 5922 1126 5976 et
1149 5910 1271 5977 Burton
1287 5910 1328 5976 nd
1349 5911 1554 5998 personaliter
1575 5911 1799 5999 respondendi

708 6017 842 6090 Libello.
