4592 7850
796 1135 982 1192 ECCLESIAE
1007 1141 1286 1196 aunacharius.

92 1561 145 1636 C.
160 1561 229 1636 IV.
243 1561 278 1640 7.
306 1551 460 1628 Crcaao.
513 1553 718 1628 Boarrrrus.

98 1658 230 1701 ocmva

276 1711 283 1720 ’
329 1733 357 1790 1.
379 1723 495 1790 Grosr
518 1745 626 1789 surra
650 1725 884 1794 Rsrrroarcnrr
900 1729 1101 1812 Crosaours,
1124 1735 1156 1796 in
1177 1737 1220 1799 4⁸⁰
1240 1735 1370 1816 minore,
1395 1739 1443 1804 ie.
1466 1739 1499 1805 in
1513 1741 1610 1808 libros
1632 1743 1673 1810 de
1698 1745 1813 1814 Inven-

429 1838 524 1914 tione,
547 1850 579 1901 et
593 1837 633 1900 ad
650 1837 861 1905 Herennium.

388 1949 440 2016 Sic
454 1949 624 2033 incipiunt:
650 1950 830 2035 “Inprimis
849 1956 980 2019 materia
993 1968 1026 2021 et
1036 1957 1168 2022 intentio
1182 1957 1276 2044 hujus
1293 1960 1451 2040 Rethoris,
1465 1966 1641 2050 s.[soilioet]
1652 1970 1815 2036 Ciceronis

431 2068 453 2100 ‘⁴
467 2059 628 2146 querenda
642 2063 753 2124 est'-

387 2170 485 2236 Nulla
499 2185 546 2236 est
559 2171 717 2238 distinctio
732 2173 813 2238 iuter
826 2175 924 2240 libros
938 2177 979 2242 de
994 2177 1197 2260 Inventione„
1205 2194 1238 2246 et
1252 2181 1349 2248 libros
1364 2184 1404 2250 ad
1418 2185 1630 2256 Herennium.

389 2283 521 2368 Scriptae
536 2297 609 2347 sunt
630 2283 680 2348 hae
696 2284 821 2350 Glossae
836 2286 926 2350 lincis
941 2288 1066 2367 divisis3
1089 2291 1186 2358 literis
1201 2293 1291 2358 valde
1307 2297 1445 2376 minutis,
1468 2300 1621 2380 rotundis,
1638 2323 1703 2369 non
1718 2304 1813 2368 inele-

429 2395 575 2482 gantibus
583 2421 592 2473 ;
608 2410 680 2461 ante
695 2419 794 2462 annos
808 2399 932 2465 circiter
946 2411 1021 2468 600.

332 2540 364 2597 2.
388 2533 503 2598 Gnosi:
519 2556 627 2598 surra
644 2534 799 2602 Bor-:rurs
817 2538 1103 2604 Aarrnrasrrcarr.

390 2644 539 2729 Ejusdem
554 2647 716 2711 commatis
731 2649 876 2712 etaetatis
891 2661 965 2715 sunt
979 2673 1050 2715 curn
1066 2653 1289 2737 superioribus.

390 2755 506 2820 Literae
520 2758 615 2841 paulo
630 2759 762 2842 majores
778 2769 860 2822 sunt.

247 3097 280 3164 8.
308 3091 354 3164 In
373 3091 579 3168 Crcsaonrs
598 3093 817 3181 Pharaoni,
836 3117 884 3166 ar
903 3092 1092 3169 Caronsrr
1111 3119 1289 3172 aaronem
1309 3101 1631 3184 Conmasrsruoa.

377 3267 428 3331 Sic
441 3267 567 3352 incipit:
586 3277 606 3308 “
617 3269 668 3332 De
681 3267 888 3353 Inscriptione
899 3267 1012 3351 operis.
1036 3267 1204 3354 Inscriptio
1215 3285 1247 3335 et
1256 3273 1384 3340 Titulus
1395 3277 1488 3364 hujus
1500 3283 1604 3366 operis
1620 3288 1647 3367 (n
1661 3287 1816 3365 Ετιγςαφὴ)

435 3387 456 3456 ‘‚,‘
471 3391 518 3442 est
536 3379 730 3442 Paradoxa.”

378 3489 599 3554 Praelectiones
613 3490 692 3554 forte
707 3489 834 3556 fuerunt
851 3488 1040 3554 Professoris
1054 3490 1185 3577 alicujus
1201 3495 1393 3564 Academici.

376 3599 435 3666 Est
448 3601 528 3666 liber
543 3601 724 3666 chartaceus
739 3603 771 3666 in
787 3612 844 3680 ΘΜ,
860 3602 992 3688 scriptus
1007 3615 1079 3666 ante
1094 3625 1193 3668 annos
1209 3606 1288 3673 forte
1306 3619 1377 3676 100.

377 3711 460 3775 Eum
475 3713 563 3776 dedit
578 3713 619 3778 T.
633 3713 674 3776 R.
719 3713 741 3796 (
747 3715 876 3778 Thomas
890 3715 966 3778 Rad
980 3715 1178 3781 Bibliotheca
1186 3721 1381 3807 praesectas).

247 4056 281 4127 9.
309 4047 528 4122 Mnnrrnars
547 4046 832 4121 Erroanurmra
851 4071 932 4122 con
950 4071 1061 4124 norrs
1079 4072 1275 4126 aasvraus.

421 4219 577 4283 Natarum
594 4219 759 4304 Specimen
774 4217 830 4283 sit:

332 4387 356 4419 “
370 4329 512 4442 Barbhra
527 4375 732 4462 Pyramidum
746 4327 835 4440 sitiat
849 4326 1000 4440 miricula
1015 4327 1206 4462 Merirphis.'’

421 4497 448 4554 1.
471 4488 546 4566 fera,
563 4487 742 4572 incultaque
757 4485 906 4550 moribus.

418 4607 447 4663 2.
470 4621 535 4662 non
549 4597 683 4682 amplius
698 4597 813 4661 laudet.

417 4721 446 4775 3.
472 4710 655 4796 Pyramides
671 4709 711 4772 ad
726 4708 961 4772 admirationem
977 4707 1082 4794 potiris
1097 4731 1191 4796 quam
1207 4711 1248 4776 ad
1263 4735 1353 4778 usum
1369 4732 1557 4790 constructae
1571 4741 1669 4794 erant.

416 4835 446 4886 4.
471 4822 605 4910 AEgypti
621 4821 709 4886 Urbs
724 4835 756 4884 et
772 4821 882 4908 Regia.

373 4957 467 5022 Notae
481 4957 532 5022 hae
549 4955 722 5020 Bondianis
744 4957 776 5018 in
801 4955 973 5020 Horatium
998 4976 1063 5019 non
1087 4968 1160 5021 sunt
1180 4958 1355 5028 dissimiles.
1401 4967 1590 5036 Scholiaates
1609 4973 1661 5040 hic
1676 4979 1816 5064 sequitur

328 5068 513 5156 plerumque
529 5068 706 5134 Domitium
730 5066 934 5132 Calderinum
956 5078 988 5131 et
1011 5067 1220 5134 Ramiresium
1235 5071 1275 5136 de
1292 5074 1416 5141 Prado:
1440 5101 1499 5146 nec
1512 5083 1636 5150 videtur
1652 5087 1813 5158 Raderum

329 5179 459 5243 vidisse:
476 5193 511 5243 ut
524 5178 655 5242 fortasse
669 5199 708 5241 eo
723 5177 879 5264 antiquior
894 5175 942 5240 sit.

374 5291 472 5356 Liber
486 5291 668 5356 chartaceus
690 5302 737 5354 est
760 5290 793 5353 in
816 5301 879 5366 8'03
903 5291 1036 5376 scriptus
1059 5289 1106 5375 (in
1121 5289 1247 5358 scholiis
1268 5299 1456 5383 praesertim)
1480 5301 1576 5370 literis
1601 5305 1738 5388 minutis,
1761 5335 1812 5377 ro-

329 5405 443 5482 tundis,
460 5426 525 5468 non
540 5402 767 5492 inelegantibus
776 5427 785 5480 3
801 5414 873 5466 ante
889 5423 988 5468 annos
1004 5403 1138 5488 amplius
1157 5414 1228 5472 100.
1686 5418 1687 5421 ’

372 5517 475 5581 Datus
490 5529 538 5580 est
550 5539 570 5578 a
585 5515 626 5580 Τ.
640 5515 681 5580 R.

246 5863 302 5931 10.
328 5855 598 5930 Traornrus5
615 5879 724 5930 vnarr
742 5877 978 5930 naeunsnrr.
1106 5917 1113 5927 .
1698 5881 1759 5950 gv..

328 6041 354 6094 1.
380 6031 564 6094 Exrosrrro
580 6029 836 6094 Aarrcuaonora
855 6027 966 6092 Fruar.
1622 6043 1718 6112 Foliis
1733 6057 1762 6114 2,

382 6144 433 6208 Sic
448 6143 573 6228 incipit:
599 6151 619 6184 ‘⁶
636 6141 808 6218 Quomodo
822 6139 973 6205 diffinitur
990 6135 1084 6206 Fides
1100 6141 1272 6212 secundum
1289 6143 1550 6219 Intellectum”-

989 6261 1007 6314 8
1032 6271 1051 6315 F
