4630 7860
554 1011 600 1077 10
1027 1069 1030 1080 ,
1055 1017 1211 1072 CODICES
1236 1013 1490 1070 muscam}

304 1225 354 1300 Α,
372 1225 425 1302 11,
452 1237 485 1304 1,
575 1232 597 1268 “
613 1221 686 1289 Hos
700 1219 797 1310 legito
812 1217 928 1286 Lector
942 1213 1018 1282 felix
1031 1215 1162 1284 feliciter
1175 1237 1294 1286 omnes-

320 1322 410 1368 '⁰¹⁴⁰'
578 1344 601 1379 “
616 1335 670 1401 Ad
684 1333 808 1399 laudem
825 1330 953 1408 Christi,
968 1331 1188 1416 propriamque
1203 1329 1235 1392 in
1252 1329 1343 1394 Secls
1357 1325 1518 1393 salutem.’'

578 1448 618 1513 ln
634 1445 743 1512 Indice
756 1445 918 1520 librorum,
945 1453 980 1506 ut
1000 1439 1103 1506 Mosis
1124 1441 1196 1504 libri
1217 1441 1355 1528 quinque
1379 1436 1626 1505 Pentateucbum
1651 1449 1811 1516 vocantm,
1837 1439 1881 1503 ita
1894 1451 2013 1528 septem

535 1556 734 1644 sequentibus
749 1553 836 1618 libris
859 1553 938 1638 (scil.
953 1553 1060 1631 Josue,
1075 1552 1096 1618 J
1098 1552 1234 1628 udicum,
1260 1549 1358 1630 Ruth,
1376 1549 1529 1618 Samuelis
1544 1557 1575 1628 2,
1601 1549 1726 1638 Regum
1741 1551 1775 1632 2)
1799 1549 2013 1638 Heptateuchi

534 1689 650 1731 nomen
664 1665 820 1730 tribuitur.

578 1779 618 1841 In
632 1777 814 1840 mensione
830 1755 1051 1860 capenum
1065 1759 1180 1851 mou
1203 1773 1258 1837 un
1273 1772 1395 1861 suffla
1408 1783 1566 1858 praecepa
1580 1773 1709 1837 auum
1724 1771 1840 1838 anun:
1855 1773 2012 1860 capitula,

534 1889 614 1953 illud
639 1889 806 1952 observatu
828 1885 960 1974 dignum
984 1897 1040 1963 est,
1063 1885 1149 1972 quod
1174 1884 1238 1949 duo
1259 1885 1361 1970 prima
1385 1895 1544 1969 praecepts
1564 1905 1629 1948 non
1651 1884 1683 1948 in
1706 1907 1804 1950 unrun
1824 1885 2013 1966 coalescrmt,

536 2000 636 2088 (quod
653 1999 889 2064 Pontificiorum
904 2009 951 2062 est
965 1998 1189 2078 commentum)
1205 1995 1260 2061 scd
1274 1995 1367 2082 plene
1381 1994 1634 2084 distinguuntur:
1650 1997 1705 2074 sic,
1723 2065 1727 2074 ,

559 2133 583 2175 1.
607 2110 681 2174 Non
697 2121 789 2174 erunt
803 2109 860 2173 tibi
876 2108 930 2193 Dij
946 2107 1038 2172 alieni
1053 2109 1170 2195 absque
1185 2129 1246 2172 me.

539 2243 576 2286 11.
601 2221 675 2285 Non
689 2219 782 2285 facies
797 2220 853 2283 tibi
870 2219 1005 2296 Idolum,
1020 2241 1122 2306 neque
1137 2219 1232 2284 ullam
1247 2217 1491 2282 similitudinem.

539 2331 651 2419 Neque
665 2330 821 2396 decimum
835 2341 1027 2414 praeceptum
1042 2330 1075 2393 in
1090 2329 1155 2394 duo
1170 2329 1268 2416 (quod
1283 2327 1323 2393 ab
1338 2329 1398 2392 illis
1412 2327 1528 2392 sactum
1542 2329 1602 2410 est)
1617 2327 1812 2414 discerpitur.

1055 2505 1095 2568 In
1115 2505 1270 2568 Velunia:
1283 2504 1426 2580 Secundo

583 2639 672 2706 Nihil
688 2639 844 2728 singulare
858 2638 958 2704 visum
973 2651 1031 2717 est,
1051 2638 1111 2702 nisi
1125 2637 1211 2726 qubd
1227 2637 1327 2702 Libro
1344 2636 1552 2716 Psalmorum,
1575 2649 1691 2722 praeter
1705 2637 1919 2723 prefationem
1936 2640 2017 2706 Hie·

541 2752 664 2838 ronymi
680 2751 721 2814 ad
738 2750 870 2815 Paulam
885 2761 916 2814 et
939 2749 1155 2828 Eustochium,
1178 2749 1383 2836 praeligantur
1397 2747 1467 2812 alise
1489 2749 1634 2834 quoedam
1649 2761 1804 2831 Εισαγωγὶι
1819 2775 1890 2838 quoe
1905 2774 2018 2818 novem

541 2863 615 2928 folia
629 2863 777 2946 implent:
801 2861 866 2924 scil.

567 3007 595 3062 1.
619 2997 736 3062 Oureo
753 2995 963 3060 Pnoruurra:
978 2994 1093 3060 Dnvrn
1110 2993 1219 3059 Rnors
1236 2993 1453 3060 Pssuuonun
1472 3001 1544 3058 1⁵0.

623 3106 676 3172 Sic
690 3105 816 3191 incipit:
842 3105 980 3171 “David
1002 3105 1085 3172 filius
1110 3106 1209 3184 Jesse,
1235 3125 1308 3170 curn
1324 3117 1406 3170 esset
1429 3106 1463 3170 in
1482 3125 1582 3194 regno
1603 3127 1671 3185 suo,
1695 3118 1829 3194 quatuor
1849 3109 1944 3199 elegit
1966 3113 2020 3200 qui

666 3227 688 3259 “
705 3217 846 3282 Pselmos
862 3215 1030 3281 facerent’'

564 3362 595 3418 2.
618 3353 674 3418 Ds
690 3351 876 3416 Drvrsrous
893 3351 1120 3418 Psmmonurr.

623 3465 675 3530 Sic
691 3463 817 3549 incipit:
843 3463 913 3526 “In
937 3462 1070 3528 Hebreo
1092 3463 1165 3528 libri
1190 3463 1387 3530 Psalmorum
1404 3462 1482 3526 citra
1503 3463 1623 3527 numeri
1647 3463 1851 3551 adjectionem
1874 3468 2021 3557 descripti

667 3585 689 3617 ‘⁶
703 3587 777 3639 sunt
790 3597 915 3651 omnes;
931 3587 964 3639 et
977 3573 1098 3638 diverse
1113 3575 1249 3661 quidem,
1265 3574 1393 3662 quidam
1408 3575 1574 3660 conjuncti,
1590 3575 1718 3662 quidam
1732 3576 1852 3642 divisi.”

568 3722 597 3778 3.
622 3711 796 3776 Pnnmrro
812 3731 912 3774 annm
929 3709 1197 3776 IHERONIMI
1219 3733 1255 3776 ru
1274 3712 1496 3777 Psnnrnnrurt
1511 3733 1621 3780 Juxm
1637 3712 1814 3792 Hunnuos,
1840 3735 1933 3796 ouon
1949 3737 2021 3782 ress

666 3842 877 3886 rnausruurr
893 3841 930 3884 nr
947 3820 1123 3886 Lemnum.

625 3934 677 3999 Sic
692 3933 819 4018 incipit:
850 3931 1039 3998 “Eusebius
1062 3933 1372 4002 IHERONIMUS
1388 3937 1569 4024 Sophronio
1583 3961 1641 4002 suo
1655 3937 1796 4004 salutem.
1843 3938 1916 4003 Scio
1930 3959 2024 4026 quos·

669 4053 690 4086 ‘⁶
704 4043 778 4108 dam
792 4055 902 4128 putare
919 4043 1106 4107 Psulterium
1121 4046 1153 4106 in
1168 4045 1306 4131 quinque
1320 4047 1416 4111 libros
1431 4071 1498 4112 esse
1513 4049 1676 4114 divisum.”

568 4189 598 4242 4.
622 4178 726 4253 Quor>
742 4197 851 4240 onnus
867 4175 1069 4241 Pnorumm
1083 4198 1127 4242 su
1145 4177 1330 4244 Crumerum
1346 4199 1557 4244 nursnnrun.

628 4287 681 4352 Sic
696 4287 820 4371 incipit:
846 4286 1015 4352 “Omnem
1033 4287 1237 4374 Prophetiam
1258 4289 1300 4354 ad
1323 4290 1485 4355 Christum
1503 4287 1698 4354 referendam
1722 4311 1790 4353 csse
1810 4310 1876 4353 non
1896 4288 2027 4356 dubium

672 4409 693 4442 ‘G
708 4401 784 4464 est„

428 4541 433 4550 '
571 4543 601 4600 5.
625 4534 884 4600 lumnnoosrro
900 4555 943 4599 nr
959 4535 1152 4600 Rasnousro
1176 4533 1414 4600 Prasounnunr
1437 4555 1480 4600 ns
1502 4555 1639 4600 nonius
1662 4555 1908 4618 mouerimus
1926 4537 2028 4602 Psin-

538 4663 544 4672 ·
671 4667 789 4712 rnnrs:
814 4665 856 4708 nr
875 4665 996 4709 ursum
1021 4667 1065 4709 nu
1082 4645 1268 4710 Cuarsrun
1288 4667 1509 4725 mnncourcs,
1537 4667 1583 4711 nu
1600 4668 1643 4710 sn
1664 4647 1778 4710 strn
1804 4667 1914 4712 ruxm
1934 4667 2027 4712 mrs-

672 4777 745 4820 nau
760 4775 875 4821 onnus
892 4755 1021 4820 Psmrn
1038 4776 1233 4822 ueremur
1249 4777 1346 4824 suur.

631 4867 683 4932 Sic
706 4867 834 4952 incipit:
874 4865 1126 4954 “Interrogatio.
1180 4866 1290 4943 Qunre
1322 4867 1439 4932 Psalmi
1465 4864 1640 4930 dicuntur?
1699 4866 1885 4951 Responsio.
1942 4868 2029 4944 Quia

674 4987 695 5019 “
709 5000 766 5062 per
783 4976 971 5042 Psalterium
984 4977 1116 5042 canebat
1130 4977 1266 5043 David'’

508 5169 511 5179 .
573 5123 603 5180 6.
628 5111 796 5177 Emsrocr
811 5132 911 5176 enarr
928 5111 1124 5176 Inunounn
1139 5131 1184 5176 sn
1202 5111 1347 5176 rimu
1364 5131 1407 5174 nu
1423 5111 1632 5176 Aurusunro
1649 5108 1888 5176 Hunnsonuu.

632 5222 686 5288 Sic
700 5221 826 5307 incipit:
851 5219 1125 5299 “Nudiustertius,
1148 5242 1221 5286 cum
1242 5221 1446 5286 centesimum
1467 5219 1625 5284 decimum
1639 5231 1783 5294 octavum
1800 5221 1962 5288 Pselmum
1976 5223 2033 5288 tibi

675 5333 870 5397 “insinuare
892 5353 1036 5413 conarer,
1059 5344 1092 5399 et
1105 5331 1252 5414 dicerem,
1267 5353 1393 5398 onmem
1415 5329 1566 5395 moralem
1587 5330 1693 5396 locum
1707 5354 1775 5398 esse
1789 5333 1823 5397 in
1837 5355 1876 5398 eo
1890 5355 2033 5420 compre·

677 5459 699 5494 ‘⁸
712 5449 911 5514 bensum’'—

554 5591 583 5654 7.
595 5583 662 5648 ’ΒΕ
680 5557 838 5648 Ummrs
855 5583 1107 5648 luscnrrnours
1122 5581 1344 5648 Trrunouuu.

634 5693 687 5758 Sic
702 5693 827 5777 incipit:
853 5700 874 5733 “
886 5691 1050 5766 Quasdam
1072 5692 1349 5778 superscriptiones
1375 5690 1582 5770 Psalmonrm,
1605 5713 1663 5778 per
1677 5690 1860 5756 allusionem
1885 5690 2033 5756 consimi-

678 5811 701 5845 “
713 5803 777 5867 lem
791 5813 912 5867 constet
926 5802 1126 5886 spiritualiter
1140 5802 1335 5866 intuendus.”

556 5950 586 6007 8.
610 5939 687 6006 Cur:
704 5959 741 6002 m
759 5937 974 6024 Psmuoeuu
989 5955 1122 6002 mrums
1137 5953 1237 6017 puter
1254 5934 1452 6000 Aucroausr
1467 5955 1606 6004 uolnus
1622 5953 1766 6006 urrunsa
1781 5953 2035 6015 uersutis-urus,

679 6047 858 6116 Esrsrom.
