<?xml version="1.0" encoding="UTF-8"?>
<!DOCTYPE html PUBLIC "-//W3C//DTD XHTML 1.0 Transitional//EN"
    "http://www.w3.org/TR/xhtml1/DTD/xhtml1-transitional.dtd">
<html xmlns="http://www.w3.org/1999/xhtml" xml:lang="en" lang="en">
 <head>
  <title>
</title>
<meta http-equiv="Content-Type" content="text/html;charset=utf-8" />
  <meta name='ocr-system' content='tesseract 3.04.00' />
  <meta name='ocr-capabilities' content='ocr_page ocr_carea ocr_par ocr_line ocrx_word'/>
</head>
<body>
  <div class='ocr_page' id='page_1' title='image "./codicummanuscri00librgoog/codicummanuscri00librgoog_0080.png"; bbox 0 0 4630 7860; ppageno 0'>
   <div class='ocr_carea' id='block_1_1' title="bbox 280 1437 419 1515">
    <p class='ocr_par' dir='ltr' id='par_1_1' title="bbox 280 1437 419 1515">
     <span class='ocr_line' id='line_1_1' title="bbox 280 1437 419 1515; baseline 0.014 -2"><span class='ocrx_word' id='word_1_1' title='bbox 280 1437 330 1513; x_wconf 87' lang='lat' dir='ltr'><strong>A.</strong></span> <span class='ocrx_word' id='word_1_2' title='bbox 349 1439 419 1515; x_wconf 93' lang='lat' dir='ltr'><strong>IV.</strong></span> 
     </span>
    </p>
   </div>
   <div class='ocr_carea' id='block_1_2' title="bbox 294 1535 415 1586">
    <p class='ocr_par' dir='ltr' id='par_1_2' title="bbox 294 1535 415 1586">
     <span class='ocr_line' id='line_1_2' title="bbox 294 1535 415 1586; baseline 0.008 -8"><span class='ocrx_word' id='word_1_3' title='bbox 294 1535 415 1586; x_wconf 70' lang='lat' dir='ltr'><strong>QUAR&#39;N.</strong></span> 
     </span>
    </p>
   </div>
   <div class='ocr_carea' id='block_1_3' title="bbox 1037 1025 1477 1082">
    <p class='ocr_par' dir='ltr' id='par_1_3' title="bbox 1037 1025 1477 1082">
     <span class='ocr_line' id='line_1_3' title="bbox 1037 1025 1477 1082; baseline -0.007 -1"><span class='ocrx_word' id='word_1_4' title='bbox 1037 1029 1195 1082; x_wconf 75' lang='lat' dir='ltr'>CODICES</span> <span class='ocrx_word' id='word_1_5' title='bbox 1221 1025 1477 1080; x_wconf 74' lang='lat' dir='ltr'><strong>Manusomrrr</strong></span> 
     </span>
    </p>
   </div>
   <div class='ocr_carea' id='block_1_4' title="bbox 434 1429 864 1506">
    <p class='ocr_par' dir='ltr' id='par_1_4' title="bbox 434 1429 864 1506">
     <span class='ocr_line' id='line_1_4' title="bbox 434 1429 864 1506; baseline -0.014 0"><span class='ocrx_word' id='word_1_6' title='bbox 434 1437 490 1506; x_wconf 83' lang='lat'><strong>13.</strong></span> <span class='ocrx_word' id='word_1_7' title='bbox 517 1429 647 1506; x_wconf 81' lang='lat' dir='ltr'><strong>Lucas</strong></span> <span class='ocrx_word' id='word_1_8' title='bbox 664 1450 864 1504; x_wconf 76' lang='lat' dir='ltr'><strong>snosarus.</strong></span> 
     </span>
    </p>
   </div>
   <div class='ocr_carea' id='block_1_5' title="bbox 515 1573 2005 2226">
    <p class='ocr_par' dir='ltr' id='par_1_5' title="bbox 559 1573 1217 1660">
     <span class='ocr_line' id='line_1_5' title="bbox 559 1573 1217 1660; baseline -0.008 -15"><span class='ocrx_word' id='word_1_9' title='bbox 559 1580 682 1645; x_wconf 86' lang='lat' dir='ltr'><strong>Textus</strong></span> <span class='ocrx_word' id='word_1_10' title='bbox 697 1579 749 1641; x_wconf 88' lang='lat' dir='ltr'><strong>bic</strong></span> <span class='ocrx_word' id='word_1_11' title='bbox 763 1588 811 1642; x_wconf 89' lang='lat' dir='ltr'><strong>est</strong></span> <span class='ocrx_word' id='word_1_12' title='bbox 824 1596 897 1640; x_wconf 89' lang='lat' dir='ltr'><strong>cum</strong></span> <span class='ocrx_word' id='word_1_13' title='bbox 913 1573 1046 1652; x_wconf 87' lang='lat' dir='ltr'><strong>Glossis,</strong></span> <span class='ocrx_word' id='word_1_14' title='bbox 1063 1587 1217 1660; x_wconf 89' lang='lat' dir='ltr'><strong>utsupra.</strong></span> 
     </span>
    </p>

    <p class='ocr_par' dir='ltr' id='par_1_6' title="bbox 515 1686 2005 2226">
     <span class='ocr_line' id='line_1_6' title="bbox 559 1686 2002 1778; baseline 0.001 -24"><span class='ocrx_word' id='word_1_15' title='bbox 559 1691 599 1754; x_wconf 94' lang='lat' dir='ltr'><strong>In</strong></span> <span class='ocrx_word' id='word_1_16' title='bbox 614 1689 678 1752; x_wconf 88' lang='lat' dir='ltr'><strong>line</strong></span> <span class='ocrx_word' id='word_1_17' title='bbox 692 1689 763 1752; x_wconf 86' lang='lat' dir='ltr'><strong>libri</strong></span> <span class='ocrx_word' id='word_1_18' title='bbox 785 1687 855 1754; x_wconf 84' lang='lat' dir='ltr'><strong>haec</strong></span> <span class='ocrx_word' id='word_1_19' title='bbox 870 1699 945 1752; x_wconf 89' lang='lat' dir='ltr'><strong>nota</strong></span> <span class='ocrx_word' id='word_1_20' title='bbox 958 1687 1090 1776; x_wconf 86' lang='lat' dir='ltr'><strong>legitur:</strong></span> <span class='ocrx_word' id='word_1_21' title='bbox 1116 1686 1276 1752; x_wconf 89' lang='lat' dir='ltr'><strong>“Dicitur</strong></span> <span class='ocrx_word' id='word_1_22' title='bbox 1290 1687 1376 1774; x_wconf 86' lang='lat' dir='ltr'><strong>qubd</strong></span> <span class='ocrx_word' id='word_1_23' title='bbox 1394 1687 1427 1751; x_wconf 94' lang='lat' dir='ltr'><strong>in</strong></span> <span class='ocrx_word' id='word_1_24' title='bbox 1445 1686 1606 1752; x_wconf 81' lang='lat' dir='ltr'><strong>Primitivt</strong></span> <span class='ocrx_word' id='word_1_25' title='bbox 1631 1687 1770 1754; x_wconf 77' lang='lat' dir='ltr'><strong>Ecclesid</strong></span> <span class='ocrx_word' id='word_1_26' title='bbox 1785 1690 1871 1754; x_wconf 85' lang='lat' dir='ltr'><strong>omui</strong></span> <span class='ocrx_word' id='word_1_27' title='bbox 1894 1691 2002 1778; x_wconf 74' lang='lat' dir='ltr'><strong>quintia</strong></span> 
     </span>
     <span class='ocr_line' id='line_1_7' title="bbox 516 1799 2002 1886; baseline 0.003 -22"><span class='ocrx_word' id='word_1_28' title='bbox 516 1811 538 1844; x_wconf 79' lang='lat'><strong>‘⁶</strong></span> <span class='ocrx_word' id='word_1_29' title='bbox 552 1801 628 1866; x_wconf 76' lang='lat' dir='ltr'><strong>feriri</strong></span> <span class='ocrx_word' id='word_1_30' title='bbox 643 1800 798 1866; x_wconf 76' lang='lat' dir='ltr'><strong>faciebant</strong></span> <span class='ocrx_word' id='word_1_31' title='bbox 812 1799 1043 1886; x_wconf 84' lang='lat' dir='ltr'>processionem</span> <span class='ocrx_word' id='word_1_32' title='bbox 1064 1799 1097 1864; x_wconf 91' lang='lat' dir='ltr'><strong>in</strong></span> <span class='ocrx_word' id='word_1_33' title='bbox 1111 1801 1295 1866; x_wconf 82' lang='lat' dir='ltr'><strong>memoriam</strong></span> <span class='ocrx_word' id='word_1_34' title='bbox 1315 1799 1741 1886; x_wconf 87' lang='lat' dir='ltr'><strong>eductionis:Discipulorum</strong></span> <span class='ocrx_word' id='word_1_35' title='bbox 1757 1801 1788 1866; x_wconf 92' lang='lat' dir='ltr'><strong>in</strong></span> <span class='ocrx_word' id='word_1_36' title='bbox 1806 1801 2002 1884; x_wconf 84' lang='lat' dir='ltr'><strong>Bethaniam,</strong></span> 
     </span>
     <span class='ocr_line' id='line_1_8' title="bbox 515 1911 2005 1997; baseline 0.002 -20"><span class='ocrx_word' id='word_1_37' title='bbox 515 1922 537 1956; x_wconf 89' lang='lat'><strong>“</strong></span> <span class='ocrx_word' id='word_1_38' title='bbox 551 1925 582 1978; x_wconf 88' lang='lat' dir='ltr'><strong>et</strong></span> <span class='ocrx_word' id='word_1_39' title='bbox 598 1913 801 1978; x_wconf 82' lang='lat' dir='ltr'><strong>Ascensionis</strong></span> <span class='ocrx_word' id='word_1_40' title='bbox 816 1911 948 1977; x_wconf 88' lang='lat' dir='ltr'><strong>Domini</strong></span> <span class='ocrx_word' id='word_1_41' title='bbox 963 1911 995 1974; x_wconf 93' lang='lat' dir='ltr'><strong>in</strong></span> <span class='ocrx_word' id='word_1_42' title='bbox 1012 1911 1125 1976; x_wconf 88' lang='lat' dir='ltr'><strong>Celum</strong></span> <span class='ocrx_word' id='word_1_43' title='bbox 1136 1936 1145 1988; x_wconf 91' lang='lat'>;</span> <span class='ocrx_word' id='word_1_44' title='bbox 1157 1924 1189 1976; x_wconf 90' lang='lat' dir='ltr'><strong>et</strong></span> <span class='ocrx_word' id='word_1_45' title='bbox 1201 1911 1440 1997; x_wconf 90' lang='lat' dir='ltr'><strong>Discipulorum</strong></span> <span class='ocrx_word' id='word_1_46' title='bbox 1455 1913 1548 1976; x_wconf 89' lang='lat' dir='ltr'><strong>etiam</strong></span> <span class='ocrx_word' id='word_1_47' title='bbox 1564 1911 1596 1974; x_wconf 92' lang='lat' dir='ltr'><strong>in</strong></span> <span class='ocrx_word' id='word_1_48' title='bbox 1613 1911 1749 1996; x_wconf 86' lang='lat' dir='ltr'><strong>Templo</strong></span> <span class='ocrx_word' id='word_1_49' title='bbox 1764 1913 1957 1980; x_wconf 78' lang='lat' dir='ltr'><strong>laudantium</strong></span> <span class='ocrx_word' id='word_1_50' title='bbox 1972 1929 2005 1980; x_wconf 89' lang='lat' dir='ltr'><strong>et</strong></span> 
     </span>
     <span class='ocr_line' id='line_1_9' title="bbox 515 2023 2004 2114; baseline 0.001 -23"><span class='ocrx_word' id='word_1_51' title='bbox 515 2034 537 2067; x_wconf 91' lang='lat'><strong>“</strong></span> <span class='ocrx_word' id='word_1_52' title='bbox 552 2026 794 2110; x_wconf 80' lang='lat' dir='ltr'><strong>expectantium.</strong></span> <span class='ocrx_word' id='word_1_53' title='bbox 855 2023 928 2100; x_wconf 89' lang='lat' dir='ltr'><strong>Qua</strong></span> <span class='ocrx_word' id='word_1_54' title='bbox 943 2035 1052 2110; x_wconf 81' lang='lat' dir='ltr'><strong>postea</strong></span> <span class='ocrx_word' id='word_1_55' title='bbox 1073 2023 1222 2088; x_wconf 86' lang='lat' dir='ltr'><strong>translata</strong></span> <span class='ocrx_word' id='word_1_56' title='bbox 1244 2037 1290 2088; x_wconf 84' lang='lat' dir='ltr'><strong>est</strong></span> <span class='ocrx_word' id='word_1_57' title='bbox 1305 2025 1337 2088; x_wconf 92' lang='lat' dir='ltr'><strong>in</strong></span> <span class='ocrx_word' id='word_1_58' title='bbox 1359 2023 1443 2090; x_wconf 89' lang='lat' dir='ltr'><strong>diem</strong></span> <span class='ocrx_word' id='word_1_59' title='bbox 1457 2023 1671 2101; x_wconf 89' lang='lat' dir='ltr'><strong>Dominicam,</strong></span> <span class='ocrx_word' id='word_1_60' title='bbox 1694 2024 1775 2090; x_wconf 84' lang='lat' dir='ltr'><strong>&amp;lit</strong></span> <span class='ocrx_word' id='word_1_61' title='bbox 1792 2027 1922 2114; x_wconf 83' lang='lat' dir='ltr'><strong>singulis</strong></span> <span class='ocrx_word' id='word_1_62' title='bbox 1937 2027 2004 2092; x_wconf 90' lang='lat' dir='ltr'><strong>die·</strong></span> 
     </span>
     <span class='ocr_line' id='line_1_10' title="bbox 517 2133 2003 2226; baseline 0.002 -24"><span class='ocrx_word' id='word_1_63' title='bbox 517 2139 612 2202; x_wconf 88' lang='lat' dir='ltr'><strong>“bus</strong></span> <span class='ocrx_word' id='word_1_64' title='bbox 628 2136 815 2202; x_wconf 88' lang='lat' dir='ltr'><strong>Dominicis.</strong></span> <span class='ocrx_word' id='word_1_65' title='bbox 861 2135 924 2221; x_wconf 79' lang='lat' dir='ltr'><strong>Alij</strong></span> <span class='ocrx_word' id='word_1_66' title='bbox 940 2133 1049 2200; x_wconf 90' lang='lat' dir='ltr'><strong>dicunt</strong></span> <span class='ocrx_word' id='word_1_67' title='bbox 1063 2135 1148 2221; x_wconf 94' lang='lat' dir='ltr'><strong>quod</strong></span> <span class='ocrx_word' id='word_1_68' title='bbox 1166 2135 1330 2200; x_wconf 86' lang='lat' dir='ltr'><strong>Processio</strong></span> <span class='ocrx_word' id='word_1_69' title='bbox 1344 2133 1381 2200; x_wconf 89' lang='lat' dir='ltr'><strong>fit</strong></span> <span class='ocrx_word' id='word_1_70' title='bbox 1395 2137 1427 2200; x_wconf 92' lang='lat' dir='ltr'><strong>in</strong></span> <span class='ocrx_word' id='word_1_71' title='bbox 1442 2135 1553 2200; x_wconf 92' lang='lat' dir='ltr'><strong>diebus</strong></span> <span class='ocrx_word' id='word_1_72' title='bbox 1566 2135 1752 2212; x_wconf 86' lang='lat' dir='ltr'><strong>Dominicis,</strong></span> <span class='ocrx_word' id='word_1_73' title='bbox 1769 2137 1809 2200; x_wconf 90' lang='lat' dir='ltr'><strong>ad</strong></span> <span class='ocrx_word' id='word_1_74' title='bbox 1824 2138 2003 2226; x_wconf 83' lang='lat' dir='ltr'><strong>significan-</strong></span> 
     </span>
    </p>
   </div>
   <div class='ocr_carea' id='block_1_6' title="bbox 401 2235 2002 2336">
    <p class='ocr_par' dir='ltr' id='par_1_7' title="bbox 401 2235 2002 2336">
     <span class='ocr_line' id='line_1_11' title="bbox 401 2235 2002 2336; baseline 0.005 -27"><span class='ocrx_word' id='word_1_75' title='bbox 401 2235 407 2246; x_wconf 74' lang='grc'><strong>’</strong></span> <span class='ocrx_word' id='word_1_76' title='bbox 517 2256 540 2292; x_wconf 81' lang='lat'><strong>‘⁶</strong></span> <span class='ocrx_word' id='word_1_77' title='bbox 553 2249 640 2326; x_wconf 90' lang='lat' dir='ltr'><strong>dum,</strong></span> <span class='ocrx_word' id='word_1_78' title='bbox 665 2247 751 2336; x_wconf 93' lang='lat' dir='ltr'><strong>quod</strong></span> <span class='ocrx_word' id='word_1_79' title='bbox 771 2245 928 2332; x_wconf 89' lang='lat' dir='ltr'><strong>Discipuli</strong></span> <span class='ocrx_word' id='word_1_80' title='bbox 947 2247 1045 2312; x_wconf 87' lang='lat' dir='ltr'><strong>secuti</strong></span> <span class='ocrx_word' id='word_1_81' title='bbox 1070 2259 1143 2312; x_wconf 90' lang='lat' dir='ltr'><strong>sunt</strong></span> <span class='ocrx_word' id='word_1_82' title='bbox 1165 2246 1197 2310; x_wconf 89' lang='lat' dir='ltr'><strong>in</strong></span> <span class='ocrx_word' id='word_1_83' title='bbox 1221 2245 1395 2312; x_wconf 86' lang='lat' dir='ltr'><strong>Galileam:</strong></span> <span class='ocrx_word' id='word_1_84' title='bbox 1419 2246 1503 2315; x_wconf 90' lang='lat' dir='ltr'><strong>unde</strong></span> <span class='ocrx_word' id='word_1_85' title='bbox 1517 2248 1550 2312; x_wconf 91' lang='lat' dir='ltr'><strong>in</strong></span> <span class='ocrx_word' id='word_1_86' title='bbox 1573 2247 1760 2333; x_wconf 83' lang='lat' dir='ltr'><strong>quibusdam</strong></span> <span class='ocrx_word' id='word_1_87' title='bbox 1777 2247 1925 2316; x_wconf 87' lang='lat' dir='ltr'><strong>Ecclesiis</strong></span> <span class='ocrx_word' id='word_1_88' title='bbox 1940 2263 2002 2316; x_wconf 92' lang='lat' dir='ltr'><strong>sta-</strong></span> 
     </span>
    </p>
   </div>
   <div class='ocr_carea' id='block_1_7' title="bbox 513 2355 2004 3220">
    <p class='ocr_par' dir='ltr' id='par_1_8' title="bbox 518 2355 1020 2423">
     <span class='ocr_line' id='line_1_12' title="bbox 518 2355 1020 2423; baseline -0.002 0"><span class='ocrx_word' id='word_1_89' title='bbox 518 2367 539 2400; x_wconf 90' lang='lat'><strong>“</strong></span> <span class='ocrx_word' id='word_1_90' title='bbox 553 2361 671 2423; x_wconf 88' lang='lat' dir='ltr'><strong>tionem</strong></span> <span class='ocrx_word' id='word_1_91' title='bbox 684 2357 804 2422; x_wconf 79' lang='lat' dir='ltr'><strong>facium</strong></span> <span class='ocrx_word' id='word_1_92' title='bbox 818 2357 850 2420; x_wconf 96' lang='lat' dir='ltr'><strong>in</strong></span> <span class='ocrx_word' id='word_1_93' title='bbox 867 2355 1020 2422; x_wconf 80' lang='lat' dir='ltr'><strong>Galilet.”</strong></span> 
     </span>
    </p>

    <p class='ocr_par' dir='ltr' id='par_1_9' title="bbox 513 2465 2004 2867">
     <span class='ocr_line' id='line_1_13' title="bbox 560 2465 2003 2552; baseline 0.003 -18"><span class='ocrx_word' id='word_1_94' title='bbox 560 2469 657 2534; x_wconf 91' lang='lat' dir='ltr'><strong>Hanc</strong></span> <span class='ocrx_word' id='word_1_95' title='bbox 672 2481 779 2532; x_wconf 84' lang='lat' dir='ltr'><strong>notam</strong></span> <span class='ocrx_word' id='word_1_96' title='bbox 793 2468 954 2552; x_wconf 84' lang='lat' dir='ltr'><strong>exscripsi,</strong></span> <span class='ocrx_word' id='word_1_97' title='bbox 970 2479 1006 2530; x_wconf 92' lang='lat' dir='ltr'><strong>ut</strong></span> <span class='ocrx_word' id='word_1_98' title='bbox 1019 2479 1139 2552; x_wconf 89' lang='lat' dir='ltr'><strong>pateret</strong></span> <span class='ocrx_word' id='word_1_99' title='bbox 1155 2465 1230 2530; x_wconf 89' lang='lat' dir='ltr'><strong>Mos</strong></span> <span class='ocrx_word' id='word_1_100' title='bbox 1247 2465 1483 2532; x_wconf 78' lang='lat' dir='ltr'><strong>Ecclesiasticus</strong></span> <span class='ocrx_word' id='word_1_101' title='bbox 1500 2469 1719 2534; x_wconf 89' lang='lat' dir='ltr'><strong>Processiones</strong></span> <span class='ocrx_word' id='word_1_102' title='bbox 1733 2469 1877 2550; x_wconf 76' lang='lat' dir='ltr'><strong>faciendi,</strong></span> <span class='ocrx_word' id='word_1_103' title='bbox 1894 2474 2003 2538; x_wconf 88' lang='lat' dir='ltr'><strong>saltem</strong></span> 
     </span>
     <span class='ocr_line' id='line_1_14' title="bbox 515 2577 2004 2664; baseline 0.004 -20"><span class='ocrx_word' id='word_1_104' title='bbox 515 2592 588 2644; x_wconf 83' lang='lat' dir='ltr'><strong>ante</strong></span> <span class='ocrx_word' id='word_1_105' title='bbox 603 2603 674 2645; x_wconf 88' lang='lat' dir='ltr'><strong>earn</strong></span> <span class='ocrx_word' id='word_1_106' title='bbox 696 2593 832 2657; x_wconf 82' lang='lat' dir='ltr'><strong>oetatem,</strong></span> <span class='ocrx_word' id='word_1_107' title='bbox 856 2601 919 2664; x_wconf 88' lang='lat' dir='ltr'><strong>qua</strong></span> <span class='ocrx_word' id='word_1_108' title='bbox 943 2577 1055 2643; x_wconf 82' lang='lat' dir='ltr'><strong>Codex</strong></span> <span class='ocrx_word' id='word_1_109' title='bbox 1076 2577 1128 2641; x_wconf 88' lang='lat' dir='ltr'><strong>hic</strong></span> <span class='ocrx_word' id='word_1_110' title='bbox 1152 2579 1294 2663; x_wconf 86' lang='lat' dir='ltr'><strong>Scriptus</strong></span> <span class='ocrx_word' id='word_1_111' title='bbox 1309 2591 1365 2643; x_wconf 82' lang='lat' dir='ltr'><strong>est</strong></span> <span class='ocrx_word' id='word_1_112' title='bbox 1411 2579 1530 2658; x_wconf 85' lang='lat' dir='ltr'><strong>Quaere</strong></span> <span class='ocrx_word' id='word_1_113' title='bbox 1545 2603 1585 2644; x_wconf 89' lang='lat' dir='ltr'><strong>an</strong></span> <span class='ocrx_word' id='word_1_114' title='bbox 1609 2583 1744 2648; x_wconf 88' lang='lat' dir='ltr'><strong>Galilaea</strong></span> <span class='ocrx_word' id='word_1_115' title='bbox 1758 2584 1789 2646; x_wconf 94' lang='lat' dir='ltr'><strong>in</strong></span> <span class='ocrx_word' id='word_1_116' title='bbox 1807 2584 2004 2650; x_wconf 88' lang='lat' dir='ltr'><strong>Occidentali</strong></span> 
     </span>
     <span class='ocr_line' id='line_1_15' title="bbox 513 2689 2004 2780; baseline 0.007 -27"><span class='ocrx_word' id='word_1_117' title='bbox 513 2701 603 2776; x_wconf 89' lang='lat' dir='ltr'><strong>parte</strong></span> <span class='ocrx_word' id='word_1_118' title='bbox 618 2691 710 2776; x_wconf 89' lang='lat' dir='ltr'><strong>hujus</strong></span> <span class='ocrx_word' id='word_1_119' title='bbox 727 2691 877 2755; x_wconf 72' lang='lat' dir='ltr'><strong>Ecclesiae</strong></span> <span class='ocrx_word' id='word_1_120' title='bbox 893 2689 1078 2771; x_wconf 89' lang='lat' dir='ltr'><strong>[Dunelm.]</strong></span> <span class='ocrx_word' id='word_1_121' title='bbox 1093 2711 1208 2755; x_wconf 89' lang='lat' dir='ltr'><strong>nomen</strong></span> <span class='ocrx_word' id='word_1_122' title='bbox 1224 2690 1298 2756; x_wconf 91' lang='lat' dir='ltr'><strong>inde</strong></span> <span class='ocrx_word' id='word_1_123' title='bbox 1313 2693 1454 2770; x_wconf 83' lang='lat' dir='ltr'><strong>traxerit,</strong></span> <span class='ocrx_word' id='word_1_124' title='bbox 1470 2692 1556 2780; x_wconf 91' lang='lat' dir='ltr'><strong>quod</strong></span> <span class='ocrx_word' id='word_1_125' title='bbox 1570 2693 1789 2760; x_wconf 88' lang='lat' dir='ltr'><strong>Processiones</strong></span> <span class='ocrx_word' id='word_1_126' title='bbox 1800 2709 1832 2761; x_wconf 89' lang='lat' dir='ltr'><strong>et</strong></span> <span class='ocrx_word' id='word_1_127' title='bbox 1848 2697 2004 2764; x_wconf 88' lang='lat' dir='ltr'><strong>Stationes</strong></span> 
     </span>
     <span class='ocr_line' id='line_1_16' title="bbox 513 2801 818 2867; baseline 0 -1"><span class='ocrx_word' id='word_1_128' title='bbox 513 2801 582 2866; x_wconf 86' lang='lat' dir='ltr'><strong>istoe</strong></span> <span class='ocrx_word' id='word_1_129' title='bbox 597 2802 629 2866; x_wconf 90' lang='lat' dir='ltr'><strong>in</strong></span> <span class='ocrx_word' id='word_1_130' title='bbox 645 2801 682 2867; x_wconf 78' lang='lat' dir='ltr'><strong>cri</strong></span> <span class='ocrx_word' id='word_1_131' title='bbox 696 2801 818 2866; x_wconf 88' lang='lat' dir='ltr'><strong>fierent.</strong></span> 
     </span>
    </p>

    <p class='ocr_par' dir='ltr' id='par_1_10' title="bbox 513 2911 1998 3112">
     <span class='ocr_line' id='line_1_17' title="bbox 556 2911 1998 3002; baseline 0.005 -23"><span class='ocrx_word' id='word_1_132' title='bbox 556 2915 675 2979; x_wconf 85' lang='lat' dir='ltr'><strong>Literae</strong></span> <span class='ocrx_word' id='word_1_133' title='bbox 690 2913 835 2978; x_wconf 84' lang='lat' dir='ltr'><strong>rotundae</strong></span> <span class='ocrx_word' id='word_1_134' title='bbox 850 2925 924 2978; x_wconf 89' lang='lat' dir='ltr'><strong>sunt</strong></span> <span class='ocrx_word' id='word_1_135' title='bbox 938 2926 970 2978; x_wconf 88' lang='lat' dir='ltr'><strong>et</strong></span> <span class='ocrx_word' id='word_1_136' title='bbox 983 2913 1150 3001; x_wconf 82' lang='lat' dir='ltr'><strong>elegantes.</strong></span> <span class='ocrx_word' id='word_1_137' title='bbox 1199 2911 1345 3000; x_wconf 85' lang='lat' dir='ltr'><strong>AEqualis</strong></span> <span class='ocrx_word' id='word_1_138' title='bbox 1360 2925 1408 2978; x_wconf 90' lang='lat' dir='ltr'><strong>est</strong></span> <span class='ocrx_word' id='word_1_139' title='bbox 1421 2913 1474 2978; x_wconf 91' lang='lat' dir='ltr'><strong>hic</strong></span> <span class='ocrx_word' id='word_1_140' title='bbox 1490 2915 1603 2980; x_wconf 85' lang='lat' dir='ltr'><strong>Codex</strong></span> <span class='ocrx_word' id='word_1_141' title='bbox 1617 2917 1809 3002; x_wconf 74' lang='lat' dir='ltr'><strong>praecedenti</strong></span> <span class='ocrx_word' id='word_1_142' title='bbox 1817 2943 1826 2995; x_wconf 93' lang='lat'>;</span> <span class='ocrx_word' id='word_1_143' title='bbox 1841 2921 1891 2985; x_wconf 87' lang='lat' dir='ltr'><strong>vel</strong></span> <span class='ocrx_word' id='word_1_144' title='bbox 1906 2923 1998 2988; x_wconf 87' lang='lat' dir='ltr'><strong>etiam</strong></span> 
     </span>
     <span class='ocr_line' id='line_1_18' title="bbox 513 3026 680 3112; baseline -0.006 -23"><span class='ocrx_word' id='word_1_145' title='bbox 513 3026 680 3112; x_wconf 76' lang='lat' dir='ltr'><strong>antiquior.</strong></span> 
     </span>
    </p>

    <p class='ocr_par' dir='ltr' id='par_1_11' title="bbox 557 3133 1250 3220">
     <span class='ocr_line' id='line_1_19' title="bbox 557 3133 1250 3220; baseline -0.007 -20"><span class='ocrx_word' id='word_1_146' title='bbox 557 3137 596 3200; x_wconf 94' lang='lat' dir='ltr'><strong>In</strong></span> <span class='ocrx_word' id='word_1_147' title='bbox 612 3137 717 3200; x_wconf 91' lang='lat' dir='ltr'><strong>initio:</strong></span> <span class='ocrx_word' id='word_1_148' title='bbox 743 3145 764 3178; x_wconf 88' lang='lat'><strong>“</strong></span> <span class='ocrx_word' id='word_1_149' title='bbox 775 3136 897 3202; x_wconf 86' lang='lat' dir='ltr'><strong>Dunel.</strong></span> <span class='ocrx_word' id='word_1_150' title='bbox 912 3135 945 3198; x_wconf 91' lang='lat' dir='ltr'><strong>in</strong></span> <span class='ocrx_word' id='word_1_151' title='bbox 959 3133 989 3198; x_wconf 92' lang='lat' dir='ltr'><strong>le</strong></span> <span class='ocrx_word' id='word_1_152' title='bbox 1006 3133 1250 3220; x_wconf 84' lang='lat' dir='ltr'><strong>Spendement.”</strong></span> 
     </span>
    </p>
   </div>
   <div class='ocr_carea' id='block_1_8' title="bbox 430 3422 865 3498">
    <p class='ocr_par' dir='ltr' id='par_1_12' title="bbox 430 3422 865 3498">
     <span class='ocr_line' id='line_1_20' title="bbox 430 3422 865 3498; baseline -0.007 -2"><span class='ocrx_word' id='word_1_153' title='bbox 430 3431 487 3498; x_wconf 81' lang='lat'><strong>14.</strong></span> <span class='ocrx_word' id='word_1_154' title='bbox 514 3422 643 3496; x_wconf 77' lang='lat' dir='ltr'><strong>Lucas</strong></span> <span class='ocrx_word' id='word_1_155' title='bbox 661 3445 865 3496; x_wconf 81' lang='lat' dir='ltr'><strong>nnosarus.</strong></span> 
     </span>
    </p>
   </div>
   <div class='ocr_carea' id='block_1_9' title="bbox 557 3564 1902 3990">
    <p class='ocr_par' dir='ltr' id='par_1_13' title="bbox 557 3564 1608 3651">
     <span class='ocr_line' id='line_1_21' title="bbox 557 3564 1608 3651; baseline -0.003 -16"><span class='ocrx_word' id='word_1_156' title='bbox 557 3569 679 3634; x_wconf 87' lang='lat' dir='ltr'><strong>Textus</strong></span> <span class='ocrx_word' id='word_1_157' title='bbox 694 3567 746 3632; x_wconf 92' lang='lat' dir='ltr'><strong>hic</strong></span> <span class='ocrx_word' id='word_1_158' title='bbox 760 3567 927 3632; x_wconf 86' lang='lat' dir='ltr'><strong>exhibetur</strong></span> <span class='ocrx_word' id='word_1_159' title='bbox 942 3587 1013 3630; x_wconf 90' lang='lat' dir='ltr'><strong>cum</strong></span> <span class='ocrx_word' id='word_1_160' title='bbox 1030 3564 1163 3642; x_wconf 89' lang='lat' dir='ltr'><strong>Glossis,</strong></span> <span class='ocrx_word' id='word_1_161' title='bbox 1179 3565 1286 3650; x_wconf 86' lang='lat' dir='ltr'><strong>quales</strong></span> <span class='ocrx_word' id='word_1_162' title='bbox 1301 3566 1333 3628; x_wconf 93' lang='lat' dir='ltr'><strong>in</strong></span> <span class='ocrx_word' id='word_1_163' title='bbox 1348 3565 1503 3651; x_wconf 88' lang='lat' dir='ltr'><strong>superiori</strong></span> <span class='ocrx_word' id='word_1_164' title='bbox 1517 3567 1608 3632; x_wconf 91' lang='lat' dir='ltr'><strong>libro.</strong></span> 
     </span>
    </p>

    <p class='ocr_par' dir='ltr' id='par_1_14' title="bbox 557 3675 1902 3990">
     <span class='ocr_line' id='line_1_22' title="bbox 557 3675 1876 3766; baseline 0.002 -20"><span class='ocrx_word' id='word_1_165' title='bbox 557 3681 675 3746; x_wconf 83' lang='lat' dir='ltr'><strong>Literae</strong></span> <span class='ocrx_word' id='word_1_166' title='bbox 689 3679 834 3746; x_wconf 83' lang='lat' dir='ltr'><strong>rotundae</strong></span> <span class='ocrx_word' id='word_1_167' title='bbox 849 3691 931 3756; x_wconf 91' lang='lat' dir='ltr'><strong>sunt,</strong></span> <span class='ocrx_word' id='word_1_168' title='bbox 948 3699 1006 3742; x_wconf 88' lang='lat' dir='ltr'><strong>uec</strong></span> <span class='ocrx_word' id='word_1_169' title='bbox 1021 3677 1222 3764; x_wconf 86' lang='lat' dir='ltr'><strong>inelegantes.</strong></span> <span class='ocrx_word' id='word_1_170' title='bbox 1267 3675 1378 3742; x_wconf 88' lang='lat' dir='ltr'><strong>AEtate</strong></span> <span class='ocrx_word' id='word_1_171' title='bbox 1393 3679 1585 3764; x_wconf 70' lang='lat' dir='ltr'><strong>praecedenti</strong></span> <span class='ocrx_word' id='word_1_172' title='bbox 1599 3681 1728 3766; x_wconf 85' lang='lat' dir='ltr'><strong>aequalis</strong></span> <span class='ocrx_word' id='word_1_173' title='bbox 1744 3683 1876 3749; x_wconf 87' lang='lat' dir='ltr'><strong>videtur.</strong></span> 
     </span>
     <span class='ocr_line' id='line_1_23' title="bbox 557 3787 1902 3878; baseline 0.001 -20"><span class='ocrx_word' id='word_1_174' title='bbox 557 3795 594 3858; x_wconf 94' lang='lat' dir='ltr'><strong>In</strong></span> <span class='ocrx_word' id='word_1_175' title='bbox 611 3793 715 3856; x_wconf 91' lang='lat' dir='ltr'><strong>initio:</strong></span> <span class='ocrx_word' id='word_1_176' title='bbox 742 3791 871 3859; x_wconf 89' lang='lat' dir='ltr'><strong>“Liber</strong></span> <span class='ocrx_word' id='word_1_177' title='bbox 887 3791 939 3855; x_wconf 72' lang='lat' dir='ltr'><strong>Sti</strong></span> <span class='ocrx_word' id='word_1_178' title='bbox 956 3788 1097 3853; x_wconf 83' lang='lat' dir='ltr'><strong>Cuthbti.</strong></span> <span class='ocrx_word' id='word_1_179' title='bbox 1112 3811 1154 3852; x_wconf 87' lang='lat' dir='ltr'><strong>ex</strong></span> <span class='ocrx_word' id='word_1_180' title='bbox 1168 3787 1254 3852; x_wconf 92' lang='lat' dir='ltr'><strong>dono</strong></span> <span class='ocrx_word' id='word_1_181' title='bbox 1268 3789 1358 3854; x_wconf 83' lang='lat' dir='ltr'><strong>Joltis</strong></span> <span class='ocrx_word' id='word_1_182' title='bbox 1373 3789 1413 3854; x_wconf 93' lang='lat' dir='ltr'><strong>de</strong></span> <span class='ocrx_word' id='word_1_183' title='bbox 1428 3791 1531 3856; x_wconf 88' lang='lat' dir='ltr'><strong>Jarwe</strong></span> <span class='ocrx_word' id='word_1_184' title='bbox 1545 3792 1586 3858; x_wconf 91' lang='lat' dir='ltr'><strong>de</strong></span> <span class='ocrx_word' id='word_1_185' title='bbox 1600 3793 1630 3855; x_wconf 86' lang='lat' dir='ltr'><strong>le</strong></span> <span class='ocrx_word' id='word_1_186' title='bbox 1646 3794 1902 3878; x_wconf 88' lang='lat' dir='ltr'><strong>Splendemeut.’&#39;</strong></span> 
     </span>
     <span class='ocr_line' id='line_1_24' title="bbox 562 3899 1798 3990; baseline 0.003 -22"><span class='ocrx_word' id='word_1_187' title='bbox 562 3906 601 3968; x_wconf 90' lang='lat' dir='ltr'><strong>ln</strong></span> <span class='ocrx_word' id='word_1_188' title='bbox 615 3905 696 3968; x_wconf 87' lang='lat' dir='ltr'><strong>fine:</strong></span> <span class='ocrx_word' id='word_1_189' title='bbox 722 3912 743 3944; x_wconf 79' lang='lat'><strong>‘⁶</strong></span> <span class='ocrx_word' id='word_1_190' title='bbox 754 3903 820 3968; x_wconf 91' lang='lat' dir='ltr'><strong>Hic</strong></span> <span class='ocrx_word' id='word_1_191' title='bbox 835 3901 915 3968; x_wconf 88' lang='lat' dir='ltr'><strong>liber</strong></span> <span class='ocrx_word' id='word_1_192' title='bbox 930 3913 977 3968; x_wconf 87' lang='lat' dir='ltr'><strong>est</strong></span> <span class='ocrx_word' id='word_1_193' title='bbox 992 3901 1145 3990; x_wconf 89' lang='lat' dir='ltr'><strong>scriptus:</strong></span> <span class='ocrx_word' id='word_1_194' title='bbox 1162 3899 1216 3986; x_wconf 91' lang='lat' dir='ltr'><strong>qui</strong></span> <span class='ocrx_word' id='word_1_195' title='bbox 1231 3901 1355 3986; x_wconf 89' lang='lat' dir='ltr'><strong>scripsit</strong></span> <span class='ocrx_word' id='word_1_196' title='bbox 1369 3902 1409 3966; x_wconf 90' lang='lat' dir='ltr'><strong>sit</strong></span> <span class='ocrx_word' id='word_1_197' title='bbox 1423 3903 1615 3970; x_wconf 86' lang='lat' dir='ltr'><strong>benedictus.</strong></span> <span class='ocrx_word' id='word_1_198' title='bbox 1661 3907 1798 3972; x_wconf 77' lang='lat' dir='ltr'><strong>Antan.’&#39;</strong></span> 
     </span>
    </p>
   </div>
   <div class='ocr_carea' id='block_1_10' title="bbox 431 4187 1208 4266">
    <p class='ocr_par' dir='ltr' id='par_1_15' title="bbox 431 4187 1208 4266">
     <span class='ocr_line' id='line_1_25' title="bbox 431 4187 1208 4266; baseline -0.01 0"><span class='ocrx_word' id='word_1_199' title='bbox 431 4199 488 4266; x_wconf 87' lang='lat'><strong>15.</strong></span> <span class='ocrx_word' id='word_1_200' title='bbox 520 4201 551 4265; x_wconf 96' lang='lat'><strong>1.</strong></span> <span class='ocrx_word' id='word_1_201' title='bbox 572 4191 831 4264; x_wconf 81' lang='lat' dir='ltr'><strong>Evnnoanrum</strong></span> <span class='ocrx_word' id='word_1_202' title='bbox 849 4187 988 4260; x_wconf 78' lang='lat' dir='ltr'><strong>Sascrr</strong></span> <span class='ocrx_word' id='word_1_203' title='bbox 1005 4187 1208 4262; x_wconf 80' lang='lat' dir='ltr'><strong>Jonanrus.</strong></span> 
     </span>
    </p>
   </div>
   <div class='ocr_carea' id='block_1_11' title="bbox 524 4333 2000 4758">
    <p class='ocr_par' dir='ltr' id='par_1_16' title="bbox 524 4333 2000 4758">
     <span class='ocr_line' id='line_1_26' title="bbox 524 4333 1998 4427; baseline 0.003 -23"><span class='ocrx_word' id='word_1_204' title='bbox 524 4375 528 4384; x_wconf 93' lang='lat'>·</span> <span class='ocrx_word' id='word_1_205' title='bbox 573 4339 745 4427; x_wconf 82' lang='lat' dir='ltr'><strong>Eleganter</strong></span> <span class='ocrx_word' id='word_1_206' title='bbox 766 4335 916 4420; x_wconf 89' lang='lat' dir='ltr'><strong>scriptum</strong></span> <span class='ocrx_word' id='word_1_207' title='bbox 938 4347 994 4411; x_wconf 89' lang='lat' dir='ltr'><strong>est,</strong></span> <span class='ocrx_word' id='word_1_208' title='bbox 1018 4346 1050 4398; x_wconf 85' lang='lat' dir='ltr'><strong>et</strong></span> <span class='ocrx_word' id='word_1_209' title='bbox 1071 4333 1188 4398; x_wconf 90' lang='lat' dir='ltr'><strong>crebris</strong></span> <span class='ocrx_word' id='word_1_210' title='bbox 1210 4333 1308 4398; x_wconf 87' lang='lat' dir='ltr'><strong>literis</strong></span> <span class='ocrx_word' id='word_1_211' title='bbox 1338 4335 1483 4400; x_wconf 90' lang='lat' dir='ltr'><strong>coloratis</strong></span> <span class='ocrx_word' id='word_1_212' title='bbox 1506 4335 1696 4401; x_wconf 90' lang='lat' dir='ltr'><strong>distinctum.</strong></span> <span class='ocrx_word' id='word_1_213' title='bbox 1751 4339 1789 4402; x_wconf 93' lang='lat' dir='ltr'><strong>In</strong></span> <span class='ocrx_word' id='word_1_214' title='bbox 1813 4341 1901 4404; x_wconf 90' lang='lat' dir='ltr'><strong>initio</strong></span> <span class='ocrx_word' id='word_1_215' title='bbox 1925 4343 1998 4412; x_wconf 91' lang='lat' dir='ltr'><strong>libri</strong></span> 
     </span>
     <span class='ocr_line' id='line_1_27' title="bbox 613 4445 1998 4537; baseline 0.004 -23"><span class='ocrx_word' id='word_1_216' title='bbox 613 4451 761 4537; x_wconf 87' lang='lat' dir='ltr'><strong>leguntur</strong></span> <span class='ocrx_word' id='word_1_217' title='bbox 783 4455 826 4514; x_wconf 88' lang='lat'><strong>50</strong></span> <span class='ocrx_word' id='word_1_218' title='bbox 848 4445 972 4512; x_wconf 86' lang='lat' dir='ltr'><strong>circiter</strong></span> <span class='ocrx_word' id='word_1_219' title='bbox 994 4446 1121 4510; x_wconf 91' lang='lat' dir='ltr'><strong>nomina</strong></span> <span class='ocrx_word' id='word_1_220' title='bbox 1145 4447 1308 4512; x_wconf 83' lang='lat' dir='ltr'><strong>Saxonicis</strong></span> <span class='ocrx_word' id='word_1_221' title='bbox 1323 4447 1419 4512; x_wconf 87' lang='lat' dir='ltr'><strong>literis</strong></span> <span class='ocrx_word' id='word_1_222' title='bbox 1441 4461 1586 4511; x_wconf 86' lang='lat' dir='ltr'><strong>exarata:</strong></span> <span class='ocrx_word' id='word_1_223' title='bbox 1611 4457 1632 4488; x_wconf 76' lang='lat'><strong>‘⁶</strong></span> <span class='ocrx_word' id='word_1_224' title='bbox 1648 4449 1733 4536; x_wconf 83' lang='lat' dir='ltr'><strong>Ailpi</strong></span> <span class='ocrx_word' id='word_1_225' title='bbox 1755 4473 1801 4537; x_wconf 89' lang='lat' dir='ltr'><strong>pr.</strong></span> <span class='ocrx_word' id='word_1_226' title='bbox 1827 4452 1998 4520; x_wconf 84' lang='lat' dir='ltr'><strong>Wlfkirel.</strong></span> 
     </span>
     <span class='ocr_line' id='line_1_28' title="bbox 614 4557 2000 4653; baseline 0.004 -27"><span class='ocrx_word' id='word_1_227' title='bbox 614 4561 761 4648; x_wconf 80' lang='lat' dir='ltr'><strong>Ailpapr.</strong></span> <span class='ocrx_word' id='word_1_228' title='bbox 777 4561 834 4626; x_wconf 73' lang='lat' dir='ltr'><strong>&amp;a</strong></span> <span class='ocrx_word' id='word_1_229' title='bbox 881 4557 1078 4623; x_wconf 89' lang='lat' dir='ltr'><strong>Crediderim</strong></span> <span class='ocrx_word' id='word_1_230' title='bbox 1102 4581 1169 4624; x_wconf 89' lang='lat' dir='ltr'><strong>esse</strong></span> <span class='ocrx_word' id='word_1_231' title='bbox 1193 4559 1321 4622; x_wconf 90' lang='lat' dir='ltr'><strong>nomina</strong></span> <span class='ocrx_word' id='word_1_232' title='bbox 1345 4559 1463 4622; x_wconf 88' lang='lat' dir='ltr'><strong>Prioris</strong></span> <span class='ocrx_word' id='word_1_233' title='bbox 1489 4571 1520 4622; x_wconf 90' lang='lat' dir='ltr'><strong>et</strong></span> <span class='ocrx_word' id='word_1_234' title='bbox 1547 4557 1801 4638; x_wconf 83' lang='lat' dir='ltr'><strong>Monachorum3</strong></span> <span class='ocrx_word' id='word_1_235' title='bbox 1825 4566 1884 4628; x_wconf 90' lang='lat' dir='ltr'><strong>nisi</strong></span> <span class='ocrx_word' id='word_1_236' title='bbox 1914 4569 2000 4653; x_wconf 89' lang='lat' dir='ltr'><strong>quod</strong></span> 
     </span>
     <span class='ocr_line' id='line_1_29' title="bbox 614 4667 2000 4758; baseline 0.004 -23"><span class='ocrx_word' id='word_1_237' title='bbox 614 4672 712 4735; x_wconf 72' lang='lat' dir='ltr'><strong>literar</strong></span> <span class='ocrx_word' id='word_1_238' title='bbox 736 4671 789 4734; x_wconf 89' lang='lat' dir='ltr'><strong>Pr.</strong></span> <span class='ocrx_word' id='word_1_239' title='bbox 815 4669 958 4755; x_wconf 92' lang='lat' dir='ltr'><strong>pluribus</strong></span> <span class='ocrx_word' id='word_1_240' title='bbox 972 4669 1152 4732; x_wconf 88' lang='lat' dir='ltr'><strong>nominibus</strong></span> <span class='ocrx_word' id='word_1_241' title='bbox 1174 4681 1395 4754; x_wconf 89' lang='lat' dir='ltr'><strong>apponuntur:</strong></span> <span class='ocrx_word' id='word_1_242' title='bbox 1418 4667 1523 4732; x_wconf 84' lang='lat' dir='ltr'><strong>forsan</strong></span> <span class='ocrx_word' id='word_1_243' title='bbox 1546 4669 1642 4756; x_wconf 87' lang='lat' dir='ltr'><strong>igitur</strong></span> <span class='ocrx_word' id='word_1_244' title='bbox 1666 4671 1887 4758; x_wconf 84' lang='lat' dir='ltr'><strong>Presbyterum</strong></span> <span class='ocrx_word' id='word_1_245' title='bbox 1903 4675 2000 4741; x_wconf 89' lang='lat' dir='ltr'><strong>deno-</strong></span> 
     </span>
    </p>
   </div>
   <div class='ocr_carea' id='block_1_12' title="bbox 571 4783 1644 4976">
    <p class='ocr_par' dir='ltr' id='par_1_17' title="bbox 571 4783 1644 4976">
     <span class='ocr_line' id='line_1_30' title="bbox 612 4783 709 4846; baseline -0.021 0"><span class='ocrx_word' id='word_1_246' title='bbox 612 4783 709 4846; x_wconf 80' lang='lat' dir='ltr'><strong>tant.”</strong></span> 
     </span>
     <span class='ocr_line' id='line_1_31' title="bbox 571 4889 1644 4976; baseline -0.006 -16"><span class='ocrx_word' id='word_1_247' title='bbox 571 4895 681 4960; x_wconf 82' lang='lat' dir='ltr'><strong>Lineae</strong></span> <span class='ocrx_word' id='word_1_248' title='bbox 697 4907 769 4958; x_wconf 92' lang='lat' dir='ltr'><strong>sunt</strong></span> <span class='ocrx_word' id='word_1_249' title='bbox 783 4891 957 4966; x_wconf 78' lang='lat' dir='ltr'><strong>continuae3</strong></span> <span class='ocrx_word' id='word_1_250' title='bbox 974 4889 1091 4954; x_wconf 84' lang='lat' dir='ltr'><strong>Literae</strong></span> <span class='ocrx_word' id='word_1_251' title='bbox 1106 4889 1289 4967; x_wconf 86' lang='lat' dir='ltr'><strong>mediocres,</strong></span> <span class='ocrx_word' id='word_1_252' title='bbox 1306 4889 1461 4966; x_wconf 75' lang='lat' dir='ltr'><strong>rotundae,</strong></span> <span class='ocrx_word' id='word_1_253' title='bbox 1477 4890 1644 4976; x_wconf 82' lang='lat' dir='ltr'><strong>elegantes.</strong></span> 
     </span>
    </p>
   </div>
   <div class='ocr_carea' id='block_1_13' title="bbox 527 5014 2000 6098">
    <p class='ocr_par' dir='ltr' id='par_1_18' title="bbox 527 5014 1715 5116">
     <span class='ocr_line' id='line_1_32' title="bbox 527 5014 1715 5116; baseline -0.007 -20"><span class='ocrx_word' id='word_1_254' title='bbox 527 5079 535 5096; x_wconf 97' lang='lat'><strong>.</strong></span> <span class='ocrx_word' id='word_1_255' title='bbox 570 5014 744 5116; x_wconf 83' lang='lat' dir='ltr'><strong>Evangelio</strong></span> <span class='ocrx_word' id='word_1_256' title='bbox 759 5025 965 5112; x_wconf 90' lang='lat' dir='ltr'><strong>subjiciuntur</strong></span> <span class='ocrx_word' id='word_1_257' title='bbox 980 5023 1121 5088; x_wconf 78' lang='lat' dir='ltr'><strong>Gnossn</strong></span> <span class='ocrx_word' id='word_1_258' title='bbox 1138 5043 1175 5087; x_wconf 80' lang='lat' dir='ltr'><strong>ru</strong></span> <span class='ocrx_word' id='word_1_259' title='bbox 1191 5023 1397 5100; x_wconf 79' lang='lat' dir='ltr'><strong>Jounnnsrr,</strong></span> <span class='ocrx_word' id='word_1_260' title='bbox 1413 5022 1545 5088; x_wconf 74' lang='lat' dir='ltr'><strong>diversae</strong></span> <span class='ocrx_word' id='word_1_261' title='bbox 1560 5024 1600 5088; x_wconf 86' lang='lat' dir='ltr'><strong>ab</strong></span> <span class='ocrx_word' id='word_1_262' title='bbox 1615 5023 1715 5089; x_wconf 86' lang='lat' dir='ltr'><strong>editis.</strong></span> 
     </span>
    </p>

    <p class='ocr_par' dir='ltr' id='par_1_19' title="bbox 572 5134 1076 5228">
     <span class='ocr_line' id='line_1_33' title="bbox 572 5134 1076 5228; baseline -0.02 -20"><span class='ocrx_word' id='word_1_263' title='bbox 572 5141 752 5228; x_wconf 87' lang='lat' dir='ltr'><strong>Praefigitur</strong></span> <span class='ocrx_word' id='word_1_264' title='bbox 767 5139 811 5202; x_wconf 92' lang='lat' dir='ltr'><strong>eis</strong></span> <span class='ocrx_word' id='word_1_265' title='bbox 825 5137 887 5200; x_wconf 91' lang='lat' dir='ltr'><strong>hoc</strong></span> <span class='ocrx_word' id='word_1_266' title='bbox 901 5134 1076 5200; x_wconf 87' lang='lat' dir='ltr'><strong>distichon:</strong></span> 
     </span>
    </p>

    <p class='ocr_par' dir='ltr' id='par_1_20' title="bbox 572 5246 1470 5334">
     <span class='ocr_line' id='line_1_34' title="bbox 572 5246 1470 5334; baseline -0.01 -16"><span class='ocrx_word' id='word_1_267' title='bbox 572 5264 593 5296; x_wconf 80' lang='lat'><strong>‘⁶</strong></span> <span class='ocrx_word' id='word_1_268' title='bbox 610 5255 728 5318; x_wconf 92' lang='lat' dir='ltr'><strong>Invoco</strong></span> <span class='ocrx_word' id='word_1_269' title='bbox 743 5264 784 5328; x_wconf 90' lang='lat' dir='ltr'><strong>tc,</strong></span> <span class='ocrx_word' id='word_1_270' title='bbox 802 5249 945 5314; x_wconf 90' lang='lat' dir='ltr'><strong>Verbum</strong></span> <span class='ocrx_word' id='word_1_271' title='bbox 959 5269 1018 5333; x_wconf 89' lang='lat' dir='ltr'><strong>per</strong></span> <span class='ocrx_word' id='word_1_272' title='bbox 1032 5246 1118 5334; x_wconf 93' lang='lat' dir='ltr'><strong>quod</strong></span> <span class='ocrx_word' id='word_1_273' title='bbox 1133 5258 1206 5312; x_wconf 90' lang='lat' dir='ltr'><strong>sunt</strong></span> <span class='ocrx_word' id='word_1_274' title='bbox 1220 5257 1333 5311; x_wconf 88' lang='lat' dir='ltr'><strong>cuncta</strong></span> <span class='ocrx_word' id='word_1_275' title='bbox 1348 5257 1470 5310; x_wconf 83' lang='lat' dir='ltr'><strong>creata:</strong></span> 
     </span>
    </p>

    <p class='ocr_par' dir='ltr' id='par_1_21' title="bbox 571 5358 1347 5438">
     <span class='ocr_line' id='line_1_35' title="bbox 571 5358 1347 5438; baseline -0.013 -8"><span class='ocrx_word' id='word_1_276' title='bbox 571 5376 593 5408; x_wconf 81' lang='lat'><strong>‘⁶</strong></span> <span class='ocrx_word' id='word_1_277' title='bbox 609 5367 662 5430; x_wconf 90' lang='lat' dir='ltr'><strong>Da</strong></span> <span class='ocrx_word' id='word_1_278' title='bbox 676 5363 753 5428; x_wconf 89' lang='lat' dir='ltr'><strong>mibi</strong></span> <span class='ocrx_word' id='word_1_279' title='bbox 767 5361 920 5438; x_wconf 88' lang='lat' dir='ltr'><strong>notitiam,</strong></span> <span class='ocrx_word' id='word_1_280' title='bbox 936 5360 977 5424; x_wconf 90' lang='lat' dir='ltr'><strong>de</strong></span> <span class='ocrx_word' id='word_1_281' title='bbox 991 5371 1022 5424; x_wconf 85' lang='lat' dir='ltr'><strong>te</strong></span> <span class='ocrx_word' id='word_1_282' title='bbox 1036 5359 1079 5424; x_wconf 91' lang='lat' dir='ltr'><strong>da</strong></span> <span class='ocrx_word' id='word_1_283' title='bbox 1092 5358 1229 5424; x_wconf 89' lang='lat' dir='ltr'><strong>scribere</strong></span> <span class='ocrx_word' id='word_1_284' title='bbox 1243 5359 1347 5421; x_wconf 87' lang='lat' dir='ltr'><strong>vera.”</strong></span> 
     </span>
    </p>

    <p class='ocr_par' dir='ltr' id='par_1_22' title="bbox 572 5467 2000 5782">
     <span class='ocr_line' id='line_1_36' title="bbox 572 5467 2000 5565; baseline 0.001 -24"><span class='ocrx_word' id='word_1_285' title='bbox 572 5477 687 5541; x_wconf 86' lang='lat' dir='ltr'><strong>Glossa</strong></span> <span class='ocrx_word' id='word_1_286' title='bbox 701 5475 746 5538; x_wconf 91' lang='lat' dir='ltr'><strong>sic</strong></span> <span class='ocrx_word' id='word_1_287' title='bbox 760 5472 886 5558; x_wconf 86' lang='lat' dir='ltr'><strong>incipit:</strong></span> <span class='ocrx_word' id='word_1_288' title='bbox 911 5470 984 5536; x_wconf 88' lang='lat' dir='ltr'><strong>“ln</strong></span> <span class='ocrx_word' id='word_1_289' title='bbox 998 5469 1153 5556; x_wconf 89' lang='lat' dir='ltr'><strong>principio</strong></span> <span class='ocrx_word' id='word_1_290' title='bbox 1167 5481 1234 5534; x_wconf 90' lang='lat' dir='ltr'><strong>erat</strong></span> <span class='ocrx_word' id='word_1_291' title='bbox 1249 5467 1578 5532; x_wconf 86' lang='lat' dir='ltr'><strong>Verbum-Verbum</strong></span> <span class='ocrx_word' id='word_1_292' title='bbox 1600 5469 1803 5537; x_wconf 83' lang='lat' dir='ltr'><strong>substantiale</strong></span> <span class='ocrx_word' id='word_1_293' title='bbox 1817 5475 2000 5565; x_wconf 88' lang='lat' dir='ltr'><strong>intelligitur</strong></span> 
     </span>
     <span class='ocr_line' id='line_1_37' title="bbox 618 5577 1999 5673; baseline -0.001 -23"><span class='ocrx_word' id='word_1_294' title='bbox 618 5584 740 5673; x_wconf 88' lang='lat' dir='ltr'><strong>“quod</strong></span> <span class='ocrx_word' id='word_1_295' title='bbox 761 5583 794 5646; x_wconf 92' lang='lat' dir='ltr'><strong>in</strong></span> <span class='ocrx_word' id='word_1_296' title='bbox 809 5583 878 5668; x_wconf 91' lang='lat' dir='ltr'><strong>ipso</strong></span> <span class='ocrx_word' id='word_1_297' title='bbox 891 5581 1019 5646; x_wconf 88' lang='lat' dir='ltr'><strong>bomine</strong></span> <span class='ocrx_word' id='word_1_298' title='bbox 1033 5592 1140 5644; x_wconf 87' lang='lat' dir='ltr'><strong>manet</strong></span> <span class='ocrx_word' id='word_1_299' title='bbox 1154 5579 1247 5657; x_wconf 90' lang='lat' dir='ltr'><strong>intus,</strong></span> <span class='ocrx_word' id='word_1_300' title='bbox 1270 5578 1356 5666; x_wconf 93' lang='lat' dir='ltr'><strong>quod</strong></span> <span class='ocrx_word' id='word_1_301' title='bbox 1371 5577 1411 5642; x_wconf 94' lang='lat' dir='ltr'><strong>de</strong></span> <span class='ocrx_word' id='word_1_302' title='bbox 1426 5599 1505 5644; x_wconf 88' lang='lat' dir='ltr'><strong>sono</strong></span> <span class='ocrx_word' id='word_1_303' title='bbox 1526 5579 1720 5670; x_wconf 85' lang='lat' dir='ltr'><strong>intelligitur,</strong></span> <span class='ocrx_word' id='word_1_304' title='bbox 1743 5605 1808 5648; x_wconf 91' lang='lat' dir='ltr'><strong>non</strong></span> <span class='ocrx_word' id='word_1_305' title='bbox 1822 5585 1889 5672; x_wconf 88' lang='lat' dir='ltr'><strong>ipse</strong></span> <span class='ocrx_word' id='word_1_306' title='bbox 1903 5609 1999 5654; x_wconf 86' lang='lat' dir='ltr'><strong>sonus</strong></span> 
     </span>
     <span class='ocr_line' id='line_1_38' title="bbox 617 5694 896 5782; baseline -0.014 -22"><span class='ocrx_word' id='word_1_307' title='bbox 617 5705 639 5738; x_wconf 79' lang='lat'><strong>‘⁶</strong></span> <span class='ocrx_word' id='word_1_308' title='bbox 654 5697 708 5782; x_wconf 94' lang='lat' dir='ltr'><strong>qui</strong></span> <span class='ocrx_word' id='word_1_309' title='bbox 721 5694 896 5760; x_wconf 75' lang='lat' dir='ltr'><strong>transit’-</strong></span> 
     </span>
    </p>

    <p class='ocr_par' dir='ltr' id='par_1_23' title="bbox 572 5799 1488 5894">
     <span class='ocr_line' id='line_1_39' title="bbox 572 5799 1488 5894; baseline -0.011 -20"><span class='ocrx_word' id='word_1_310' title='bbox 572 5807 699 5874; x_wconf 89' lang='lat' dir='ltr'><strong>Desinit</strong></span> <span class='ocrx_word' id='word_1_311' title='bbox 712 5807 745 5870; x_wconf 93' lang='lat' dir='ltr'><strong>in</strong></span> <span class='ocrx_word' id='word_1_312' title='bbox 762 5805 881 5894; x_wconf 88' lang='lat' dir='ltr'><strong>Capitis</strong></span> <span class='ocrx_word' id='word_1_313' title='bbox 896 5801 971 5868; x_wconf 64' lang='lat'><strong>21²¹</strong></span> <span class='ocrx_word' id='word_1_314' title='bbox 986 5823 1078 5866; x_wconf 90' lang='lat' dir='ltr'><strong>versu</strong></span> <span class='ocrx_word' id='word_1_315' title='bbox 1096 5809 1171 5866; x_wconf 77' lang='lat'><strong>18&#39;0.</strong></span> <span class='ocrx_word' id='word_1_316' title='bbox 1218 5800 1333 5886; x_wconf 84' lang='lat' dir='ltr'><strong>Implet</strong></span> <span class='ocrx_word' id='word_1_317' title='bbox 1347 5799 1422 5864; x_wconf 78' lang='lat' dir='ltr'><strong>folia</strong></span> <span class='ocrx_word' id='word_1_318' title='bbox 1437 5811 1488 5867; x_wconf 84' lang='grc'><strong>39.</strong></span> 
     </span>
    </p>

    <p class='ocr_par' dir='ltr' id='par_1_24' title="bbox 575 5912 1998 6098">
     <span class='ocr_line' id='line_1_40' title="bbox 575 5912 1998 6012; baseline 0.001 -26"><span class='ocrx_word' id='word_1_319' title='bbox 575 5920 685 5986; x_wconf 76' lang='lat' dir='ltr'><strong>Linea</strong></span> <span class='ocrx_word' id='word_1_320' title='bbox 698 5919 732 5981; x_wconf 93' lang='lat' dir='ltr'><strong>in</strong></span> <span class='ocrx_word' id='word_1_321' title='bbox 753 5915 858 5984; x_wconf 89' lang='lat' dir='ltr'><strong>medio</strong></span> <span class='ocrx_word' id='word_1_322' title='bbox 879 5915 987 5981; x_wconf 79' lang='lat' dir='ltr'><strong>divisse</strong></span> <span class='ocrx_word' id='word_1_323' title='bbox 1009 5925 1101 5980; x_wconf 89' lang='lat' dir='ltr'><strong>sunt:</strong></span> <span class='ocrx_word' id='word_1_324' title='bbox 1126 5912 1244 5978; x_wconf 82' lang='lat' dir='ltr'><strong>Literoe</strong></span> <span class='ocrx_word' id='word_1_325' title='bbox 1258 5913 1399 5990; x_wconf 75' lang='lat' dir='ltr'><strong>minure,</strong></span> <span class='ocrx_word' id='word_1_326' title='bbox 1422 5913 1585 5995; x_wconf 65' lang='lat' dir='ltr'><strong>rotundam</strong></span> <span class='ocrx_word' id='word_1_327' title='bbox 1600 5914 1641 5979; x_wconf 90' lang='lat' dir='ltr'><strong>ab</strong></span> <span class='ocrx_word' id='word_1_328' title='bbox 1655 5915 1767 5986; x_wconf 84' lang='lat' dir='ltr'><strong>eodem</strong></span> <span class='ocrx_word' id='word_1_329' title='bbox 1783 5921 1885 5988; x_wconf 86' lang='lat' dir='ltr'><strong>scribt</strong></span> <span class='ocrx_word' id='word_1_330' title='bbox 1900 5946 1998 6012; x_wconf 89' lang='lat' dir='ltr'><strong>aquo</strong></span> 
     </span>
     <span class='ocr_line' id='line_1_41' title="bbox 618 6029 743 6098; baseline -0.032 0"><span class='ocrx_word' id='word_1_331' title='bbox 618 6029 743 6098; x_wconf 88' lang='lat' dir='ltr'><strong>Glossa.</strong></span> 
     </span>
    </p>
   </div>
   <div class='ocr_carea' id='block_1_14' title="bbox 0 0 2320 7860">
    <p class='ocr_par' dir='ltr' id='par_1_25' title="bbox 0 0 2320 7860">
     <span class='ocr_line' id='line_1_42' title="bbox 0 0 2320 7860; baseline 0 0"><span class='ocrx_word' id='word_1_332' title='bbox 0 0 2320 7860; x_wconf 95' lang='lat' dir='ltr'><strong> </strong></span> 
     </span>
    </p>
   </div>
  </div>
 </body>
</html>
