4640 7842
23 1057 26 1214 p
790 1063 977 1119 accursrn
1002 1063 1277 1120 nnmnuanars.

23 1219 25 1280 l

23 1281 25 1316 ²
77 1263 110 1338 B.
126 1259 189 1334 IV.
202 1273 262 1352 89.
345 1277 376 1333 2.
400 1267 453 1334 De
470 1265 607 1333 Muliere
624 1267 798 1356 Paralyticd
814 1271 931 1335 curate.

23 1353 25 1450 [
82 1357 186 1411 mm
347 1392 377 1447 6.
401 1381 453 1448 De
470 1381 565 1446 Muto
580 1405 599 1444 a
615 1381 783 1447 Nativitete
798 1395 916 1448 curato.

345 1503 376 1558 4.
400 1493 453 1558 De
475 1493 537 1557 alio
564 1493 669 1573 Muto,
695 1496 782 1580 cujus
805 1495 913 1584 lingua
937 1493 1037 1560 fuerat
1055 1517 1113 1581 per
1134 1493 1277 1559 fraudem
1298 1505 1468 1582 amputata,
1500 1515 1558 1580 per
1581 1493 1766 1560 Wlstanum

391 1621 509 1672 curato.

23 1537 25 1664 l

23 1721 25 1778 l
348 1727 378 1784 5.
401 1717 454 1782 De
470 1717 609 1797 Visione,
626 1718 687 1805 qud
704 1731 770 1784 tota
784 1718 927 1785 Ecclesia
941 1721 1038 1784 cereis
1054 1731 1165 1784 ornata
1179 1719 1353 1784 videbatur.

346 1827 437 1894 Libri
453 1830 582 1894 secundi
599 1831 754 1918 Prologus
770 1833 815 1896 sic
830 1831 956 1917 incipit:
982 1830 1069 1896 “Ad
1084 1831 1305 1916 omnipotentis
1321 1831 1385 1895 Dei
1400 1829 1590 1896 laudem”-

349 1939 522 2029 Prologum
538 1943 678 2028 sequitur
702 1941 845 2028 Epistola
869 1943 1043 2030 Innocentij
1061 1943 1159 2030 Papae
1175 1943 1335 2028 Episcopo
1353 1953 1386 2007 et
1402 1942 1549 2029 Capitulo
1566 1943 1716 2032 Wigom.
1732 1944 1773 2010 de

392 2051 637 2118 canonizatione
654 2055 761 2119 Sancti
778 2055 929 2120 Wlstani.

290 2225 319 2280 6.
343 2215 563 2281 Tnansnamo
580 2217 613 2282 S.
630 2217 809 2282 Wusrnnr.
1372 2239 1392 2280 a
1409 2214 1499 2280 Folio
1515 2225 1556 2284 89
1571 2216 1603 2280 b.
1619 2216 1660 2282 ad
1675 2227 1727 2285 94.

349 2329 506 2418 Prologus
530 2331 574 2394 sic
596 2331 720 2416 incipit:
746 2333 860 2417 “Sepe
875 2343 907 2396 et
927 2331 1063 2396 multum
1085 2331 1258 2396 desideravi
1280 2329 1409 2419 gloriosi
1426 2328 1622 2395 confessoris
1639 2329 1769 2410 Christi,

23 2511 24 2524 χ
393 2449 414 2482 “
428 2452 460 2504 et
475 2440 625 2528 Episcopi
642 2441 847 2507 Wlstani’'-

23 2575 25 2686 Ι
350 2551 497 2617 Historia
510 2554 580 2639 ipsa
594 2555 657 2620 sic:
683 2563 704 2596 ⁶⁶
714 2557 888 2642 Appositus
902 2557 998 2643 igitur
1013 2555 1054 2620 ad
1071 2557 1180 2620 Patres
1195 2578 1267 2619 suos
1281 2555 1391 2620 beatus
1407 2555 1606 2620 Wlsmusr

347 2663 400 2727 Ab
414 2664 524 2729 eadem
539 2687 635 2732 manu
650 2678 723 2732 sunt
739 2667 896 2734 Miracula
910 2681 942 2732 et
956 2667 1137 2734 Translatio
1151 2689 1223 2732 cum
1238 2666 1380 2734 Oswaldi
1394 2667 1466 2734 vid.

290 2828 319 2890 7.
344 2822 545 2890 Tuncrnrus
561 2847 672 2891 nouus
688 2847 835 2891 ursanus
851 2845 1002 2892 suarius
1019 2846 1062 2890 un
1080 2825 1326 2890 Eucunnrsrrri.

351 2935 479 3001 Titulus
494 2936 545 3002 bic
567 2939 682 3027 legitur
697 2939 730 3002 in
753 2939 864 3004 Indice
878 2950 1066 3004 tractatuum
1082 2938 1136 3024 qui
1151 2937 1232 3001 libro
1253 2937 1448 3026 praeligitur:
1471 2936 1526 3004 sed
1540 2947 1690 3003 tractatus
1705 2939 1771 3024 ipsc

389 3048 516 3112 excidit

347 3161 391 3222 At
406 3158 481 3223 folio
497 3169 538 3226 95
562 3179 704 3246 superest
725 3162 935 3251 fragmentum
957 3161 1108 3246 Epistola:
1125 3161 1259 3226 Abbatis
1280 3159 1442 3246 cujusdam
1459 3160 1707 3239 clarevallensis,
1731 3161 1772 3226 de

389 3270 581 3351 Elisabethd,
599 3275 730 3362 Virgine
747 3273 913 3352 Ecstaticd,
929 3273 970 3337 de
981 3274 1042 3359 quir
1058 3275 1102 3337 sic
1117 3273 1225 3337 scribit
1232 3295 1332 3357 prope
1346 3272 1461 3336 finem:
1488 3280 1509 3312 ⁶⁶
1521 3273 1560 3336 Iu
1575 3273 1772 3359 stigmatibus
1893 3332 1897 3342 .

389 3390 412 3424 “
426 3395 458 3447 et
474 3384 568 3448 Penis
590 3385 686 3450 fidem
708 3387 819 3450 astruit
835 3385 1011 3452 Passionis:
1037 3385 1070 3447 in
1085 3385 1194 3450 Jubilo
1216 3395 1247 3448 et
1260 3383 1461 3449 Jocunditate
1480 3393 1553 3469 post
1569 3383 1681 3462 Penas,
1707 3383 1772 3449 Re·

390 3501 412 3536 ⁶⁶
426 3497 644 3562 surrectionis:
667 3498 701 3562 in
727 3497 893 3584 Raptibus,
915 3496 1141 3562 Ascensionis:
1175 3497 1209 3559 in
1233 3495 1372 3575 Robore,
1398 3505 1429 3560 et
1448 3495 1715 3576 Revelarionibua,
1738 3506 1771 3562 ot

390 3615 412 3648 ⁶⁶
429 3608 591 3694 Spirituali
606 3609 690 3689 Vita,
709 3610 844 3696 Spiritrls
862 3611 969 3676 Sancti
985 3609 1188 3676 emissionis.”
1688 3699 1690 3704 Ι

289 3775 319 3832 6.
343 3765 562 3836 asumma
577 3771 743 3838 Vmonns
758 3771 934 3836 Vrsrouas.
1534 3769 1611 3834 folio
1627 3779 1680 3838 95.
1695 3769 1726 3834 b.

345 3881 527 3948 Visionibus
541 3883 742 3968 praemittitur
765 3883 919 3948 Antereni
940 3880 1066 3966 [fictum
1079 3899 1196 3948 nomen
1210 3879 1349 3964 videtur]
1373 3879 1539 3972 Prologus
1563 3881 1614 3950 cui
1630 3879 1771 3950 Elisabe-

387 3993 452 4059 thae
467 3993 564 4079 ipsius
581 3993 738 4082 Prologus
753 3994 910 4058 inseritur.

346 4105 504 4193 Prologus
519 4105 563 4169 sic
578 4105 706 4191 incipit:
731 4113 753 4147 ⁶⁶
765 4105 840 4169 Fuit
853 4105 886 4168 in
901 4104 1012 4170 diebus
1028 4103 1162 4194 Eugenij
1180 4104 1268 4190 Pape
1282 4103 1475 4170 secundi”-

345 4217 490 4282 Visiones
505 4239 581 4282 vero
596 4218 657 4282 sic:
682 4225 704 4260 ⁶⁶
717 4217 848 4281 Factum
862 4229 910 4281 est
924 4218 957 4280 in
972 4217 1024 4282 die
1041 4218 1157 4283 Sancto
1173 4218 1439 4283 Pentecostes”-

388 4328 554 4393 Visionum
570 4341 643 4394 sunt
656 4329 729 4393 libri
744 4340 824 4392 tres:
844 4351 979 4414 quorum

347 4449 389 4504 1⁰·
413 4440 642 4526 Complectitur
656 4465 708 4507 eas
723 4464 800 4528 quas
815 4440 893 4505 vidit
908 4441 995 4506 A.D.
1015 4450 1107 4520 1152,
1126 4441 1290 4526 Capitibus
1305 4449 1357 4506 116.

344 4550 403 4616 2⁶⁰¹
426 4552 485 4616 Est
499 4575 607 4618 earum
622 4576 699 4641 quas
715 4553 793 4618 vidit
807 4575 891 4617 anno
909 4561 1002 4619 1156.

346 4661 401 4726 3⁶¹¹·
425 4661 535 4727 Habet
552 4663 665 4749 Capita
681 4674 732 4730 30.
1413 4664 1499 4728 afol.
1519 4673 1579 4730 116
1594 4663 1635 4730 ad
1655 4673 1725 4732 123.

346 4772 480 4858 Scripta:
503 4787 577 4838 sunt
595 4776 685 4840 lineis
708 4775 895 4854 dimidiatis:
921 4776 1018 4842 literis
1042 4776 1263 4854 mediocribus,
1286 4778 1403 4854 acutis:
1430 4789 1503 4842 ante
1522 4799 1621 4841 anuos
1647 4778 1769 4842 circiter

389 4893 463 4949 300.

290 5027 319 5082 9.
344 5017 616 5086 Kaunnnaarurr.

345 5133 430 5197 Ante
446 5155 544 5199 armos
559 5135 682 5200 circiter
698 5143 762 5203 300
777 5135 928 5223 scriptum
942 5135 1077 5202 videtur.
1123 5185 1125 5192 1

328 5264 369 5329 In
383 5265 485 5334 fronte
499 5270 592 5336 libri:
627 5280 649 5313 ⁶⁶
660 5271 725 5337 Iste
738 5272 819 5340 liber
832 5275 1008 5364 assignatur
1032 5273 1179 5340 Claustra
1201 5271 1344 5340 Dunelrir
1358 5294 1415 5360 per
1430 5273 1521 5338 Dlim
1542 5271 1657 5338 Joltem
1673 5271 1771 5336 Wes-

285 5383 308 5418 ⁶⁶
322 5389 458 5466 syngton
474 5381 617 5448 Priorem
632 5385 801 5471 ejusdem.”
848 5386 922 5452 Fuit
935 5387 994 5452 iste
1008 5386 1169 5452 lohannes
1183 5387 1275 5453 Prior
1289 5387 1330 5453 ab
1344 5408 1428 5452 armo
1443 5385 1511 5451 Dri
1529 5393 1611 5450 1116
1623 5383 1664 5449 ad
1678 5391 1771 5450 1446.

198 5691 255 5762 40.
285 5686 483 5765 Maurum.

330 5835 405 5901 Non
419 5841 588 5924 apponitur
609 5863 725 5908 nomen
741 5845 907 5912 Auctoris:
930 5869 1025 5938 quem
1039 5861 1145 5914 tamen
1168 5847 1360 5934 Episcopum
1379 5845 1484 5924 fuisse,
1508 5857 1540 5910 ct
1555 5845 1680 5922 Senem,
1704 5843 1770 5928 ipse

284 5947 318 6010 in
335 5948 523 6017 Proefatione
537 5955 692 6020 ostendit:
717 5966 739 6000 ⁶⁶
752 5958 794 6023 Et
808 5961 950 6046 quamvis
967 5961 1144 6028 Pontificali
1163 5961 1260 6028 infuld
1275 5959 1448 6038 redimitus,
1472 5957 1613 6046 quamvis
1628 5957 1661 6020 in
1677 5955 1770 6042 Epis·

290 6065 312 6098 ⁶⁶
326 6060 427 6145 copali
444 6063 580 6148 Speculo
596 6068 792 6149 constitutur,
809 6084 913 6139 tarum
928 6073 961 6137 in
976 6073 1114 6142 cinerem
1129 6075 1191 6141 cito
1206 6073 1376 6140 resolvar.”
1420 6071 1473 6138 De
1488 6093 1521 6137 sc
1536 6069 1683 6158 loquitur.

959 6193 1016 6268 29
