4650 7852
549 1050 599 1133 96
1074 1075 1233 1128 comeus
1256 1070 1511 1126 uiuuscarrrr

456 1246 703 1328 [HOMILIAE
726 1246 961 1328 PATRUM.]

1387 1360 1598 1411 EVANGELIJ

571 1430 717 1482 FESTUM
736 1431 784 1480 ET
801 1429 957 1480 numum
975 1427 1161 1480 nomam.
1416 1428 1561 1480 Lucmu.

323 1539 366 1614 Β.
386 1540 437 1615 Il.
457 1551 492 1618 2.
541 1547 811 1634 Quadragesima:
829 1544 974 1610 Humilia
988 1543 1066 1609 alia:

335 1637 425 1680 mm
590 1665 612 1699 ⁶⁶
627 1659 711 1721 Ante
725 1657 794 1722 dies
807 1657 1006 1722 devotionem
1022 1658 1167 1722 Sanco?

544 1793 690 1864 Humilia
703 1795 784 1858 alia:

586 1915 609 1949 “
624 1907 775 1972 Dubitari
788 1929 809 1970 a
822 1905 1010 1992 quibusdam
1025 1905 1123 1970 solet”

545 2045 689 2112 Humilia
704 2043 784 2110 alia:

587 2167 609 2200 ‘⁶
625 2159 756 2244 Semper
771 2155 898 2242 quidem
912 2175 970 2218 nos
981 2153 1195 2218 dilectissimi'

544 2291 688 2358 Humilia
702 2290 781 2354 alia:

587 2410 610 2443 ⁶⁶
626 2400 848 2466 Predicaturus
863 2399 951 2463 vobis
965 2397 1177 2462 dilectissimi'’

547 2535 693 2602 Humilia
706 2535 786 2599 alia:

588 2657 610 2690 “
625 2647 809 2734 Apostolica
823 2645 968 2710 dilectiss
982 2643 1143 2710 doctrinm

546 2782 692 2850 Humilia
705 2781 785 2848 alia:

587 2902 609 2936 ⁶‘
624 2893 767 2960 Audistis
781 2894 847 2958 tuni
862 2893 943 2958 sicut
958 2891 1168 2979 Evangelica”

552 3031 698 3098 Humilia
712 3030 793 3094 alia:

591 3175 614 3208 “
629 3165 803 3230 Confliotus
817 3164 876 3228 iste
889 3161 1040 3227 mirabilis
1055 3165 1167 3251 quem”

550 3275 695 3344 Humilia
708 3276 787 3340 alia:

590 3395 612 3430 ‘⁶
627 3386 791 3452 Advortite
805 3384 872 3450 stes
885 3386 951 3450 mni
966 3395 1084 3472 quantu
1096 3385 1193 3450 note*

548 3523 693 3592 Humilia
707 3522 788 3586 alia:

591 3644 613 3678 ‘⁶
630 3635 798 3700 Peractum
811 3655 832 3697 a
846 3632 988 3698 Domino
1002 3645 1111 3697 nostru
1125 3631 1155 3696 J.
1173 3631 1271 3696 chrl’

551 3770 696 3838 Humilia
710 3769 790 3834 alia:

592 3891 614 3924 “
630 3880 716 3958 Quia
729 3880 954 3944 nonnullorum
968 3892 1016 3944 est
1029 3879 1243 3944 consuetudo”

549 4019 720 4088 Dominicis
737 4026 790 4084 1¹¹¹·
801 4017 1078 4106 Quodregesimoe:
1095 4017 1136 4081 de
1146 4016 1266 4082 Jaoobo
1277 4028 1308 4083 et
1321 4017 1416 4084 Esau.

593 4139 615 4173 ‘⁶
632 4130 784 4196 Portabat
800 4129 945 4194 Rebecca
958 4129 1099 4218 geroium
1115 4129 1147 4192 in
1163 4131 1271 4194 utero”

552 4265 697 4330 Humilia
711 4264 791 4327 alia:

595 4384 617 4417 “
633 4373 772 4439 Miratur
788 4367 1006 4460 Evangelista:
1031 4369 1116 4436 Ecce
1130 4371 1261 4436 mulier”

553 4506 699 4574 Humilia
712 4506 790 4570 alia:

595 4628 617 4662 ⁶‘
633 4617 826 4706 Euangeliou
841 4616 952 4682 lectio
965 4615 1176 4682 dilectissimi”

554 4759 699 4825 Humilia
713 4757 791 4822 alia:

597 4879 618 4913 ‘⁶
633 4869 720 4948 Quia
734 4869 892 4934 Dominus
907 4881 938 4932 et
954 4867 1147 4932 Redemtoff’

551 5009 723 5076 Dominica
737 5006 784 5072 2⁶¹¹
799 5005 1079 5094 Quadrugesimae:
1102 5003 1143 5068 de
1157 5003 1294 5088 Jusepb:

600 5129 622 5163 ⁶‘
638 5121 778 5186 Mittitur
793 5142 812 5182 a
826 5117 926 5184 Jacob
944 5117 1038 5182 Patre
1055 5116 1277 5182 Sanctissimo”
1397 5195 1400 5204 Ι

555 5258 700 5324 Humilia
713 5257 793 5320 alia:
816 5256 857 5318 de
873 5253 1087 5318 Conuersione
1104 5253 1239 5318 Peccati.

598 5379 620 5412 “
636 5368 840 5436 Confitemini
855 5367 997 5432 Domino
1011 5365 1159 5452 quonium
1173 5365 1275 5429 bonus
1290 5365 1356 5428 est’'

555 5507 726 5572 Dominica
735 5504 781 5570 2⁶·
790 5505 1068 5592 Quadrugesimae:
1086 5502 1239 5568 Honmiae
1255 5502 1318 5568 8⁶²:

599 5625 621 5659 ⁶⁶
637 5616 870 5682 Daemoniacus
885 5617 942 5680 iste
957 5616 1042 5702 apud
1060 5613 1248 5680 Matheum”

1410 1791 1491 1858 Mat.
1508 1802 1538 1860 4.
1556 1803 1585 1858 1.

1418 4260 1500 4326 Μαί.
1519 4269 1568 4326 15.
1585 4268 1614 4324 2.

1416 4511 1613 4576 -17.1.

559 5751 730 5816 Dominica
741 5750 790 5817 3⁶¹·
806 5749 1087 5838 Quadragesimae:
1103 5748 1144 5813 de
1160 5747 1284 5834 Moyse.

600 5869 622 5904 ⁶⁶
638 5861 748 5926 Stabat
763 5853 894 5949 Moyses
909 5861 942 5924 in
956 5871 1073 5938 monte,
1089 5881 1154 5922 non
1168 5860 1282 5923 armis’'

555 5995 725 6065 Dominica
739 6007 811 6062 ante
827 5995 970 6062 Palmas:
992 5996 1033 6059 de
1050 5993 1214 6059 Hieremiti

601 6118 622 6153 ‘⁶
637 6105 795 6196 Magnum
811 6105 985 6173 Hieremiae
1000 6103 1206 6172 sanctissinu’

1335 1244 1667 1314 HOMILIARUM
1692 1247 1946 1318 SYLLABUS.

1693 1363 1870 1413 HOMILIAE

1707 1431 1866 1482 AUCTOR.
1948 1445 2027 1484 reno·
2076 1470 2085 1493 .

1682 1542 1845 1612 Maximus
1957 1555 2030 1614 121.

1689 1793 1864 1882 Gregorius
1960 1806 2030 1864 128.

1681 2041 1750 2106 Leo
1956 2051 2028 2110 121.

1683 2285 1773 2350 Idem
1958 2297 2030 2356 125.

1687 2531 1778 2598 idem
1960 2543 2029 2605 127.

1688 2779 1852 2846 Maximus
1960 2791 2030 2848 128.

1690 3026 1781 3094 ldem
1959 3040 2031 3096 luo.

1687 3274 1778 3340 Idem
1962 3283 2033 3342 131.

1690 3521 1781 3588 Idem
1962 3531 2034 3590 182.

1685 3767 1777 3834 Idem
1838 3755 1841 3762 ¹
1961 3779 2032 3837 lus.

1692 4017 2033 4104 Buoantcmymst.

1690 4260 1780 4326 Idem
1963 4273 2033 4330 186.

1689 4504 1759 4569 luo
1961 4517 2033 4589 141,

1687 4751 1777 4816 Beda
1961 4764 2033 4823 143.

1693 4996 2034 5086 B.Joau.[Chry.]ll7.

1688 5247 1778 5312 Idem
1962 5257 2033 5314 149.

1416 5499 1495 5564 Luc.
1515 5506 1563 5562 11.
1584 5507 1631 5562 14.
1688 5497 1778 5562 Beda
1963 5505 2035 5564 150.

1691 5741 2034 5831 B.Joau.[Cbry.]l53.

1686 5989 1775 6056 Idem
1962 5996 2034 6056 156.
