4650 7852
503 1113 575 1184 154
1031 1133 1186 1186 consciis
1210 1133 1468 1188 usuuscnirni

267 1325 309 1402 Β.
325 1325 400 1403 ΙΙΙ.
414 1337 448 1407 8.
557 1341 579 1378 “
594 1331 670 1400 Non
684 1331 781 1398 credo
795 1353 850 1398 vos
872 1329 1049 1399 discredere
1070 1347 1223 1422 quantum
1244 1333 1322 1400 inihi
1336 1333 1500 1421 displiceat
1521 1331 1608 1422 quod
1629 1335 1792 1404 vobiscum
1812 1349 1848 1405 ut
1860 1337 1985 1404 deceret

289 1423 380 1468 ’Μ
601 1453 623 1490 “
636 1445 753 1510 morari
767 1465 832 1510 non
847 1443 946 1510 valeo.
990 1445 1056 1514 Sed
1069 1447 1279 1536 qualicunque
1292 1445 1389 1512 modo
1403 1446 1474 1512 looo
1487 1446 1649 1534 peccando
1663 1447 1814 1528 laborem,
1834 1471 1923 1516 mens
1937 1463 1984 1514 ta-

600 1565 622 1600 “
636 1579 710 1623 men
724 1559 757 1622 iii
772 1558 860 1623 vobis
875 1558 999 1626 essidud
1020 1559 1175 1626 delectata
1193 1561 1334 1649 quiescit.
1380 1561 1499 1627 Precor
1520 1582 1581 1650 ego
1595 1571 1679 1626 utet
1699 1584 1755 1628 sos
1769 1561 1985 1628 tribulationes

601 1677 623 1712 “
636 1683 759 1736 nostras
788 1683 892 1736 mente
921 1671 1036 1738 cotidie
1061 1672 1214 1738 videatis:
1243 1683 1277 1738 et
1300 1671 1545 1738 imbecillitatem
1569 1671 1692 1738 devotis
1722 1672 1928 1740 Orationibus
1952 1685 1985 1738 et

601 1782 832 1848 “eleemosinis
846 1783 1005 1850 caritative
1025 1785 1092 1849 sine
1113 1785 1237 1850 fastidio
1251 1786 1438 1852 sustentetis.
1485 1783 1562 1850 Hoc
1576 1797 1681 1852 sutem
1694 1784 1899 1871 precipiendo
1912 1806 1984 1871 pre·

599 1901 621 1936 “
635 1915 701 1973 oor,
716 1907 748 1959 et
761 1895 921 1980 precando
935 1895 1085 1982 precipio,
1109 1907 1144 1960 ut
1159 1895 1190 1959 in
1205 1917 1345 1960 amorem
1360 1895 1480 1960 ordinis
1494 1896 1590 1960 vestri
1603 1895 1753 1962 serrendo
1766 1896 1932 1974 crescatis3
1952 1908 1985 1961 et

600 2014 621 2047 “
637 2003 792 2072 Ordinem
806 2028 865 2092 pro
880 2006 966 2072 nulli
988 2006 1170 2072 necessitate
1192 2005 1240 2070 vel
1262 2007 1356 2072 causi
1370 2005 1529 2072 declinare
1543 2005 1747 2094 permittetis:
1771 2017 1803 2072 et
1817 2005 1895 2072 nulli
1909 2027 1983 2093 per·

599 2117 711 2182 “catis
726 2117 758 2180 in
775 2115 907 2182 Ordine.
952 2117 992 2182 in
1009 2116 1148 2184 Ecclesii
1164 2139 1240 2182 vero
1261 2139 1325 2182 non
1347 2117 1559 2204 properando,
1582 2117 1637 2182 sed
1651 2117 1782 2184 licenter
1803 2116 1909 2200 [forta
1925 2117 1982 2184 de·

598 2236 621 2270 ‘⁸
634 2235 757 2310 center]
775 2240 808 2294 et
828 2227 958 2296 honesti
983 2229 1124 2294 Psslmos
1146 2229 1326 2294 decantetis.
1373 2228 1594 2295 confessiones
1615 2227 1794 2316 frequenter
1817 2229 1921 2296 Priori
1936 2228 1982 2294 fa-

598 2349 620 2382 “
634 2340 741 2406 cistis:
766 2339 949 2406 Conventus
962 2339 1094 2406 firmiter
1108 2353 1141 2405 et
1154 2341 1273 2428 ubsque
1286 2341 1372 2406 omni
1388 2342 1563 2406 retentione
1576 2339 1618 2405 sli
1638 2337 1784 2404 omnibus
1799 2340 1980 2420 retinentur,

596 2459 618 2492 “
632 2463 737 2536 preter
751 2463 887 2540 egrotos,
902 2463 934 2516 et
948 2471 1002 2516 eos
1017 2451 1072 2538 qui
1085 2449 1294 2516 exterioribus
1309 2451 1442 2540 negotiis
1457 2465 1531 2516 suut
1544 2450 1730 2540 regulariter
1743 2449 1894 2536 deputati.
1939 2450 1983 2517 Et

597 2569 619 2620 .“
633 2561 707 2648 quia
720 2583 849 2647 presens
871 2561 959 2625 vobis
981 2559 1067 2649 quod
1088 2560 1237 2626 deberem
1258 2561 1335 2626 dere
1356 2583 1421 2626 uon
1443 2561 1543 2640 valeo,
1570 2561 1676 2626 literas
1698 2561 1772 2625 istas
1794 2560 1981 2648 unuquisque

595 2679 616 2714 ‘⁶
633 2671 813 2757 Septimand
836 2673 931 2738 seinel
952 2673 986 2736 in
1010 2671 1158 2759 Capitiilo
1173 2673 1320 2739 recitate:
1344 2686 1380 2738 ut
1393 2685 1425 2740 et
1438 2673 1498 2738 hec
1519 2671 1641 2740 firmids
1662 2673 1813 2750 teneatis;
1836 2684 1869 2738 et
1881 2695 1933 2737 me
1947 2673 1981 2737 iu

594 2791 616 2826 “
630 2783 679 2850 his
704 2784 885 2872 loquentem
909 2784 1068 2851 audiendo
1093 2783 1167 2850 Deo
1191 2784 1373 2874 diligentiils
1398 2785 1633 2851 commendetis.
1688 2783 1732 2850 Et
1755 2783 1829 2871 quia
1855 2783 1977 2850 Caritas

594 2897 733 2982 “operit
754 2896 987 2962 multitudinem
1009 2908 1221 2982 peccatorum,
1251 2919 1317 2961 non
1339 2896 1441 2962 solum
1463 2897 1638 2984 peregrinis
1659 2907 1692 2960 et
1712 2894 1898 2982 hospitibus,
1927 2893 1983 2959 sed

594 3017 615 3050 “
629 3008 776 3072 omnibus
790 3007 921 3073 omnino
934 3007 1081 3096 gentibus
1102 3029 1210 3071 veram
1231 3005 1322 3072 facite
1337 3007 1508 3074 csritstem.
1554 3007 1617 3073 Per
1631 3005 1690 3072 hec
1705 3019 1737 3072 et
1750 3029 1809 3094 per
1823 3007 1885 3072 slis
1898 3005 1983 3072 bona

594 3127 616 3162 ‘⁴
629 3141 727 3205 opera
747 3118 840 3184 fsciat
860 3141 916 3184 vos
937 3131 970 3184 et
990 3117 1042 3182 hic
1065 3117 1170 3183 sanctii
1191 3118 1405 3203 temporaliter
1426 3117 1541 3198 vivers,
1565 3129 1598 3184 et
1618 3117 1812 3204 perhennem
1836 3122 1981 3204 [peren-1

594 3237 616 3270 “
629 3229 763 3317 glorium
785 3229 963 3294 eternaliter
977 3229 1148 3316 possidere,
1176 3227 1243 3306 Qui
1264 3229 1341 3294 vivit
1361 3241 1394 3294 et
1414 3241 1527 3318 regnat
1548 3227 1638 3294 Deus
1660 3251 1719 3314 per
1739 3230 1846 3294 omnia
1868 3227 1982 3294 Secula

592 3347 614 3382 ‘⁶
630 3341 824 3406 Seculorum.
870 3342 1006 3406 Amen.”

551 3451 734 3518 Willelmus
749 3451 801 3517 hic
818 3451 995 3540 Episcopus
1017 3453 1140 3518 videtur
1161 3449 1256 3517 fuisse
1273 3451 1410 3532 Primus,
1433 3451 1473 3518 de
1490 3452 1607 3518 Sancto
1623 3449 1795 3536 Cerilepbo
1809 3448 1912 3514 dictus
1927 3447 1982 3536 qui

593 3561 772 3628 Monachus
787 3563 907 3650 primus
922 3563 954 3628 iii
970 3561 1220 3628 Dunelmcnsem
1236 3561 1412 3628 Ecclesiam
1426 3561 1611 3628 introduxit.
1683 3557 1685 3562 ’

551 3675 719 3762 Scripsisse
740 3675 864 3742 ridetur
885 3676 968 3742 hsnc
984 3675 1159 3761 Epistulam
1182 3675 1278 3761 paulo
1292 3687 1459 3762 postquam
1474 3697 1494 3740 a
1509 3673 1677 3741 Willelmo
1694 3672 1785 3760 Rege
1800 3669 1847 3736 Ψ
1862 3669 1983 3752 [liufo]

592 3809 633 3851 ex
656 3785 773 3876 Anglii
800 3787 908 3872 pulsus
932 3788 965 3851 in
982 3787 1210 3852 Normsnniam
1231 3808 1265 3852 se
1279 3787 1464 3873 recepisset3
1489 3785 1545 3850 ubi
1565 3799 1708 3870 per-tres
1729 3803 1829 3846 siinos
1844 3781 1982 3846 substitit

591 3897 677 3984 opud
694 3897 872 3964 Robertuni
893 3897 1029 3977 Ducem,
1055 3896 1214 3962 Willelmi
1234 3897 1363 3962 irenem
1385 3899 1547 3985 majorem,
1570 3897 1658 3983 cujus
1680 3915 1784 3960 causas
1806 3892 1859 3958 ille
1879 3891 1983 3958 iuvere

591 4009 675 4074 visus
689 4007 801 4088 fuerat,
817 4009 916 4098 eique
930 4008 971 4074 de
985 4007 1081 4074 causi
1094 4007 1135 4074 ab
1152 4007 1345 4094 Episcopatu
1361 4029 1419 4072 suo
1433 4007 1572 4096 dejectus
1586 4018 1643 4072 est.

550 4119 735 4186 Willelmus
759 4121 844 4186 enim
870 4119 1045 4200 Secundus,
1069 4117 1110 4186 de
1136 4119 1250 4186 sancit
1279 4119 1420 4186 Bubus
1446 4119 1636 4196 nominatus,
1660 4127 1871 4204 preterquam
1894 4111 1985 4202 qubd

589 4233 694 4320 primo
708 4229 1033 4318 annoprohibitusest
1048 4229 1275 4316 Episcopatiun
1290 4230 1414 4320 ingredi
1430 4253 1450 4294 a
1465 4229 1632 4296 Willelmo
1649 4227 1774 4306 Comin,
1786 4227 1840 4314 qui
1857 4224 1982 4292 Dunel·

591 4364 679 4406 mum
693 4364 751 4429 per
765 4342 829 4406 vim
850 4353 1067 4428 occupaverat,
1091 4355 1203 4427 postea
1223 4364 1383 4432 uunquam
1407 4339 1507 4430 (quod
1521 4339 1650 4419 scimus)
1673 4337 1848 4404 necessario
1862 4334 1978 4400 abfuit:

589 4473 692 4540 neque
706 4451 877 4540 quidquam
892 4451 933 4518 de
947 4450 1166 4518 afflictionibus
1180 4454 1246 4541 ejus
1260 4453 1403 4542 legimus.

548 4563 592 4630 Et
608 4563 775 4650 Scriptoris
790 4563 977 4642 sollicitudo,
992 4577 1029 4628 ut
1042 4563 1234 4630 Dirinoium
1249 4564 1429 4644 celebratio,
1445 4559 1612 4648 etreliqua
1624 4557 1857 4626 Monachus-um
1868 4556 1983 4624 Officia

590 4675 650 4741 rite
663 4670 898 4763 peragerentur,
913 4674 1026 4742 melida
1040 4677 1187 4742 convenit
1200 4699 1272 4744 cuin
1290 4675 1458 4744 Willelmo
1471 4674 1585 4761 primo,
1602 4673 1657 4760 qui
1671 4671 1784 4756 etipse
1800 4667 1982 4735 Monachus

591 4785 702 4866 iuerat,
729 4785 965 4854 &Monssticss
987 4788 1163 4876 disciplinas
1188 4791 1222 4854 in
1243 4789 1293 4856 liis
1316 4787 1497 4878 regionibus
1519 4785 1698 4873 prrecipuus
1719 4783 1928 4858 instauratum
1950 4791 1983 4846 et

591 4895 772 4964 Monachus
786 4897 838 4964 hic
852 4911 1002 4986 tanquam
1016 4914 1109 4966 notos
1124 4913 1156 4966 et
1173 4900 1342 4966 familiares
1356 4898 1544 4986 alloquitur=
1567 4917 1662 4983 quain
1677 4893 1844 4958 Willelmo
1861 4891 1981 4957 Secun-

588 5007 642 5090 do,
658 5011 714 5097 qui
727 5031 792 5075 non
808 5008 989 5076 Monachus
1012 5011 1067 5076 sed
1084 5011 1226 5076 Clericus
1243 5011 1400 5079 Seoulsris
1422 5009 1518 5076 fnisse
1532 5006 1672 5083 videtur3
1694 5004 1860 5070 eratenim
1877 5001 1981 5069 Decii·

590 5143 651 5188 nus
667 5121 893 5188 Eborscensis:
917 5133 949 5188 et
970 5123 1060 5188 initio
1076 5123 1285 5210 Episcopatus
1308 5123 1366 5202 sui,
1390 5143 1464 5188 cum
1480 5119 1654 5186 Ecclesiam
1677 5138 1765 5182 susm
1780 5139 1800 5180 s
1816 5113 1981 5178 Willelmo

590 5233 714 5321 Comyn
736 5233 860 5322 ingredi
884 5233 1122 5322 prohibebatur,
1143 5247 1176 5300 et
1191 5233 1363 5300 Monacbis
1376 5230 1483 5298 miniis
1505 5243 1599 5296 notus
1621 5240 1698 5307 erat,
1721 5240 1754 5294 et
1771 5223 1981 5292 Consuetudi-

589 5367 667 5410 num
684 5345 832 5412 Coenobii
846 5343 951 5412 minuis
965 5347 1095 5433 peritus,
1111 5369 1206 5435 quam
1221 5346 1315 5434 hujus
1331 5343 1485 5432 Epistolie
1499 5353 1610 5408 suctos
1623 5339 1719 5405 fiiisse
1733 5338 1866 5404 videtur.

471 5512 520 5571 15.
544 5506 727 5572 Susnsuni
745 5505 933 5572 Exrosirio
950 5527 989 5572 rii
1006 5505 1150 5572 Rnuuis
1168 5507 1294 5572 Ssucri
1312 5505 1439 5570 Parsis
1455 5523 1578 5568 sosrni
1597 5499 1800 5566 Baunuicri.

1753 5607 1843 5675 Folio
1858 5612 1933 5676 sis.

546 5726 709 5794 Dividitur
731 5729 764 5794 in
786 5741 849 5796 tres
863 5729 979 5808 libros3
1002 5752 1137 5818 quorum
1161 5691 1287 5796 Primus
1301 5727 1400 5794 habet
1414 5727 1527 5814 Capite
1543 5737 1582 5792 8:
1605 5721 1826 5792 secundus'iz
1849 5715 1982 5784 Tertius

591 5847 644 5905 66.

551 5948 590 6014 Iti
605 5948 696 6014 initio
710 5949 782 6016 libri
796 5963 1027 6040 praeponuntur

595 6068 623 6125 l.
647 6059 766 6125 Versds
782 6061 922 6151 Elegiaci
938 6069 990 6141 74,
1007 6064 1060 6150 qui
1076 6063 1120 6128 sic
1135 6063 1306 6148 incipiunt:

651 6181 673 6215 ‘⁸
688 6171 841 6261 Quisquis
855 6173 896 6239 ad
911 6187 1054 6240 eternum
1069 6175 1189 6240 mavult
1202 6173 1413 6241 conscendere
1427 6193 1573 6264 regnum,

651 6291 673 6328 ‘⁶
687 6283 795 6352 Debet
808 6285 996 6376 astrigerum
1008 6299 1114 6354 mente
1128 6287 1234 6354 subire
1247 6285 1388 6374 polum.’'
