4650 7852
794 989 981 1042 uccaasnu
1006 986 1296 1046 consumarem..
1712 980 1784 1062 107

82 1183 123 1259 Β.
142 1181 195 1258 ΙΙ.
215 1195 275 1266 11.
387 1190 521 1256 vellent:
546 1188 589 1256 Et
605 1188 822 1278 Hieronymus
836 1191 916 1256 forte
930 1211 972 1255 ex
986 1211 1097 1255 eorum
1119 1187 1271 1254 sententie
1292 1187 1397 1274 potitis
1410 1185 1505 1276 quim
1520 1189 1576 1258 sui:
1589 1189 1715 1258 locutus
1728 1205 1786 1262 est.

92 1280 180 1322 ΝΜ
390 1304 433 1368 Et
447 1325 522 1368 sane
536 1325 648 1368 vocum
663 1304 886 1368 nonnullarum
902 1303 1179 1388 Interpretationes
1193 1295 1344 1366 violentas
1358 1324 1426 1366 esse
1440 1301 1562 1368 latetur.

349 1415 564 1502 Subjiciuntur
578 1417 671 1480 etiam
695 1416 910 1481 Numerorum
926 1416 1115 1481 Graecorum
1136 1413 1284 1492 nomina3
1307 1425 1340 1478 et
1361 1413 1468 1504 lingui
1490 1418 1707 1514 nonuantiquln
1730 1419 1789 1485 sed

389 1529 572 1593 recentiori:
596 1541 640 1608 ut,
659 1537 680 1572 ⁶⁶
692 1529 772 1608 Mis,
789 1529 851 1608 dia,
868 1529 937 1607 triu,
953 1539 1080 1604 tessera,
1095 1537 1201 1610 penta,
1217 1548 1287 1604 exa,
1303 1539 1376 1614 epta
1390 1529 1512 1594 &c.''-

303 1700 333 1754 4.
357 1688 470 1754 me:
485 1709 586 1754 annm
601 1689 774 1755 Jnnomsn
792 1689 999 1754 Pansmrum
1015 1705 1060 1750 m:
1076 1682 1339 1759 Qnrsmomnus
1353 1707 1449 1754 mam
1460 1687 1601 1756 Rncuu.
1646 1689 1716 1755 Fol.
1732 1699 1786 1757 61.

362 1799 414 1864 Sic
429 1798 555 1884 incipit:
581 1799 688 1866 “Fuit
702 1801 749 1865 vir
763 1825 844 1868 unus
858 1803 898 1867 de
915 1797 1115 1866 Ramathaim
1128 1797 1324 1884 Sophirn''—

305 1969 334 2028 5.
356 1961 699 2045 D1·:[Quaestionibns]
716 1965 1015 2036 Psnsmronrnou
1031 1979 1150 2053 [risen
1167 1973 1409 2056 Hmaoumn.]
1616 1963 1669 2028 fol.
1686 1971 1737 2034 71.
1753 1963 1786 2028 b.

362 2075 414 2139 Sic
429 2075 558 2162 incipit:
584 2085 605 2118 ⁶⁶
616 2076 655 2142 lu
671 2077 782 2144 dicbus
797 2081 863 2167 ejus
878 2082 977 2147 divisa
992 2097 1039 2149 est
1053 2089 1201 2151 terra’'—

304 2219 335 2277 6.
358 2211 414 2276 Dr
430 2212 558 2279 Ducum
573 2213 894 2284 Tnmmsrromnns.
1616 2209 1670 2276 fol·
1688 2219 1740 2275 82·

361 2323 414 2389 Sic
429 2325 554 2410 incipit:
579 2333 601 2368 ⁶⁶
611 2327 685 2392 Hec
700 2342 773 2394 sunt
787 2332 884 2396 verba
898 2356 959 2420 que
974 2333 1097 2400 locutus
1112 2346 1159 2399 est
1174 2333 1305 2420 Moyses
1320 2329 1361 2395 ad
1375 2348 1501 2393 onmem
1518 2319 1681 2390 Israel’-

362 2436 527 2504 Tractatui
541 2439 615 2504 huic
636 2463 752 2506 nomen
768 2443 917 2510 Auctoris
932 2447 1038 2512 necin
1053 2447 1154 2525 initio,
1170 2469 1228 2512 nec
1243 2445 1307 2509 fine
1322 2441 1479 2528 affigitur3
1494 2459 1554 2503 nec
1569 2437 1651 2501 inter
1666 2433 1787 2500 Hiero-

405 2551 492 2637 nymi
507 2575 604 2638 opera
618 2569 806 2621 recensetur.

305 2688 335 2750 7.
358 2679 415 2747 Dn
432 2684 501 2748 Sex
516 2707 727 2754 crvrmrmus
742 2711 787 2754 An
803 2713 888 2775 Ques
906 2693 1090 2761 Horncms
1107 2715 1219 2760 ruent
1570 2675 1572 2686 ,
1617 2683 1671 2748 ¹⁴⁰1·
1688 2690 1739 2749 32·
1755 2682 1787 2747 b·

365 2796 419 2860 Sic
433 2797 562 2882 incipit:
588 2807 609 2840 ‘⁶
622 2799 730 2865 Prima
747 2803 864 2868 Civitas
878 2819 925 2869 est
940 2807 1089 2893 Cognitio
1103 2808 1190 2872 verbi
1206 2805 1336 2870 Dei”-

365 2906 446 2970 Sunt
469 2919 589 2972 tantum
609 2910 701 2976 lineae
726 2922 774 2978 11.
830 2914 1055 3004 Fragmentum
1075 2930 1122 2982 est
1143 2917 1216 2981 libri
1240 2913 1370 3001 alicujus
1396 2910 1565 2999 allegorici,
1588 2913 1637 2993 (ut
1651 2906 1788 2987 videtur)

406 3019 494 3104 cujus
511 3020 660 3085 Auctoris
675 3045 790 3088 nomen
805 3046 869 3090 non
885 3027 1064 3112 apponitur.

308 3161 337 3217 8.
362 3153 547 3220 emnem
562 3155 710 3223 Danonn
726 3147 798 3226 con
816 3160 1058 3228 Exrosrmons.
1624 3151 1678 3218 sol.
1694 3162 1746 3218 88.

367 3265 418 3332 Sic
433 3266 559 3352 incipit:
585 3277 606 3310 ⁶⁶
619 3270 812 3337 Cecinertmt
826 3273 970 3353 Debora,
986 3288 1018 3340 et
1034 3273 1162 3340 Baruch
1175 3273 1259 3339 filius
1271 3273 1440 3339 Abinoem.
1486 3265 1615 3335 Baruch
1631 3264 1690 3330 Vir
1701 3263 1791 3332 Deb-

406 3376 506 3441 borah
523 3379 724 3466 Prophetidis
737 3382 833 3449 fuisse
847 3385 1011 3451 traditur.''

365 3485 487 3551 Auctor
501 3511 676 3576 anonymus
691 3505 747 3558 est.

308 3629 338 3684 9.
361 3619 653 3690 Lamanrsmonns
667 3627 833 3693 Jnnnnm.
1325 3643 1328 3649 ·
1620 3620 1674 3689 sol.
1691 3633 1743 3689 84.
1758 3624 1790 3688 b.

366 3733 419 3798 Sic
433 3736 563 3820 incipit:
588 3739 711 3804 “Sicut
725 3740 807 3804 inter
828 3741 935 3805 omnia
958 3743 1090 3807 Cantica
1104 3741 1229 3808 Veteris
1253 3755 1285 3806 et
1304 3741 1389 3806 Novi
1405 3737 1600 3805 Testamenti
1622 3738 1792 3822 primatum

409 3856 533 3912 “tenet
550 3849 717 3915 Canticum
733 3852 819 3938 quod
836 3853 987 3918 Solomon
1002 3855 1178 3918 cecinit''-

367 3959 418 4024 Sic
434 3960 566 4024 desinit:
591 3963 765 4046 “Explicit
787 3964 953 4049 Expositio
975 3988 1070 4050 super
1084 3965 1252 4050 alphabeto
1269 3963 1470 4028 Ebraico’'-
1514 3961 1657 4026 Primum
1671 3970 1793 4023 tantum
1877 3929 1880 3938 Ι

408 4083 456 4135 est
471 4071 575 4158 Caput
591 4072 795 4138 Threnorum
809 4097 881 4138 cum
898 4075 1113 4161 Expositione.

287 4217 336 4274 10.
361 4208 564 4274 Tolerinus
579 4231 687 4274 suren
703 4209 895 4276 Enrmcrum
911 4211 1124 4279 Pnunsums.
1483 4199 1487 4206 ¹
1625 4207 1679 4272 sol.
1696 4215 1748 4277 87.

363 4320 415 4384 Sic
431 4319 556 4404 incipit:
582 4329 603 4362 ⁶⁶
615 4320 725 4387 Gratiis
741 4322 805 4388 Dei
819 4323 980 4408 adjutrice,
993 4324 1151 4388 Vitiorum
1166 4323 1315 4411 voragine
1330 4317 1530 4400 annichilati,
1554 4319 1720 4394 Virtutum¹
1735 4319 1793 4384 do-

406 4438 428 4471 ⁶⁶
444 4431 594 4495 micilium
609 4431 786 4498 describere
800 4433 891 4498 nobis
906 4434 1026 4498 studuit
1042 4434 1233 4500 Prudentius
1248 4433 1390 4498 doctor.’'

364 4541 422 4606 Est
437 4539 604 4625 Expositio
617 4542 786 4630 allegorica
800 4556 832 4608 et
845 4543 971 4610 moralis
987 4545 1116 4629 Templi
1129 4567 1149 4608 a
1165 4543 1340 4608 Prudentio
1354 4542 1492 4630 quodam
1506 4539 1665 4626 descripti.

286 4685 334 4741 11.
355 4677 556 4742 Jraomnws
572 4699 616 4742 so
632 4677 847 4744 Dracanon.
1401 4693 1404 4702 ’
1623 4675 1676 4740 fol.
1693 4685 1745 4741 88.

325 4809 329 4818 ·
362 4789 415 4854 Sic
431 4789 557 4873 incipit:
583 4789 726 4878 “Cogor
740 4803 815 4869 ate,
838 4803 874 4855 ut
888 4791 954 4870 tibi,
979 4791 1141 4870 Dardane,
1168 4791 1209 4855 de
1222 4789 1391 4879 generibus
1407 4787 1616 4867 Musicorum‚
1645 4789 1726 4852 sicut
1740 4809 1791 4851 res

406 4907 427 4940 ⁶⁶
441 4899 534 4964 docet
548 4901 598 4964 vel
613 4900 733 4964 visione
747 4901 797 4965 vel
812 4901 931 4980 auditu,
947 4903 1036 4970 brevi
1051 4924 1195 4966 sermone
1210 4901 1405 4988 simplicique
1421 4900 1658 4984 respondeam.”

362 5010 472 5076 Edidit
487 5012 646 5076 Victorius
661 5013 694 5074 in
717 5021 765 5078 9¹¹⁰
782 5013 888 5078 Tomo
903 5014 1047 5099 Operum
1071 5014 1282 5100 Hieronymi:
1309 5014 1341 5076 in
1366 5012 1474 5076 Classe
1488 5011 1607 5096 primi:
1635 5015 1681 5094 [p.
1702 5017 1791 5091 118]

405 5121 486 5186 inter
501 5146 538 5186 ea
553 5146 624 5210 quae
641 5122 832 5210 Hieronymi
848 5123 975 5210 quidem
989 5147 1053 5188 non
1069 5135 1152 5202 sunt,
1178 5123 1232 5188 sed
1248 5145 1383 5210 quorum
1400 5123 1557 5186 Auctores
1572 5122 1768 5208 ignorantur.

285 5267 333 5324 18.
356 5257 559 5324 Jnnommus
575 5281 618 5323 to
637 5259 819 5324 Rusmcum
836 5258 1057 5324 Monncnmu.
1618 5255 1671 5338 tol.
1689 5263 1740 5320 88.
1756 5255 1789 5318 b.

362 5371 414 5435 Sic
440 5371 568 5454 incipit:
601 5379 621 5411 ⁶⁶
639 5361 952 5436 Nichil‘Christiano
975 5371 1104 5448 felicius
1133 5371 1183 5435 cui
1206 5369 1432 5455 promittrmtur
1455 5387 1553 5455 regna
1578 5365 1792 5431 Celorum'’-

408 5479 488 5545 Vide
504 5503 599 5567 supra
616 5481 696 5546 Cod.
713 5492 744 5546 4.
759 5495 850 5548 tract.
870 5490 919 5547 12.

285 5625 334 5682 18.
358 5617 531 5682 Lmrnnus
547 5637 591 5681 ns
608 5620 809 5700 ournudnsm
827 5617 1044 5684 sancturus.
1624 5612 1678 5678 fol.
1695 5621 1747 5680 92.

363 5730 415 5794 Sic
429 5730 559 5816 incipit:
585 5737 606 5771 ⁶⁶
617 5729 803 5796 Affirmatur
820 5727 932 5793 Celum
948 5727 1150 5792 rotundum.''

361 5841 525 5906 Tractatui
540 5842 599 5926 ipsi
613 5841 719 5906 nullus
735 5840 862 5906 Titulus
875 5839 1069 5928 prefigitur:
1086 5839 1142 5904 sed
1156 5837 1218 5906 hoc
1231 5859 1348 5905 nomen
1363 5839 1459 5904 habet
1473 5837 1506 5904 in
1518 5835 1642 5904 Tabuit
1659 5857 1730 5924 quae
1744 5849 1792 5902 est

404 5953 437 6016 in
453 5954 543 6019 initio
558 5954 639 6018 libri.
