4634 7874
482 1051 557 1124 404
1012 1069 1169 1126 conrcas
1187 1069 1446 1125 nauoscamrr

204 1189 488 1346 lfflvllffilol.
592 1240 712 1340 lesoem
729 1271 889 1360 Episcopi,
905 1269 946 1336 ab
958 1293 999 1338 eo
1012 1271 1146 1338 letaliter
1160 1273 1351 1352 vnlneratus,
1375 1273 1416 1338 sit
1429 1271 1534 1339 subito
1548 1282 1684 1352 curatos,
1708 1285 1740 1339 et
1755 1273 1808 1342 ille
1822 1286 1983 1362 perpetuo

243 1329 362 1372 ocmvo

599 1388 764 1454 damnatus
778 1385 976 1451 exterminio.
1019 1407 1051 1473 p.
1071 1395 1143 1453 1³5.

523 1533 576 1592 61.
599 1523 771 1600 Quomodo
784 1523 944 1612 Sacrilega
954 1523 994 1588 de
1004 1523 1127 1588 civitate
1139 1521 1291 1588 Dunelm.
1303 1521 1386 1588 clam
1394 1522 1846 1611 exbevoluitsedcaptussit.
1866 1534 1981 1610 p.l³8.

521 1670 573 1728 61.
596 1659 743 1738 Qualiter
759 1659 910 1725 Matrona
924 1659 1048 1738 nobilis,
1073 1671 1172 1724 mater
1188 1657 1302 1724 Militis
1316 1659 1480 1746 cujusdam
1495 1659 1546 1726 cui
1561 1659 1670 1724 villula
1684 1659 1725 1726 de
1741 1659 1919 1726 Emeldune
1935 1662 1982 1746 (ln

599 1793 677 1858 agro
693 1771 899 1856 Nortlrumb.)
909 1774 982 1859 jure
997 1769 1186 1836 hereditario
1197 1771 1381 1850 debebatur,
1397 1771 1430 1834 in
1445 1771 1594 1837 membris
1605 1783 1776 1852 conuecta,
1789 1773 1822 1836 in
1838 1767 1982 1838 lrisulam

602 1885 756 1950 Farneam
771 1897 899 1950 oratura
911 1885 1042 1962 venerit,
1062 1899 1094 1947 et
1109 1883 1152 1948 ibi
1168 1884 1201 1950 S.
1218 1881 1396 1949 Cuthberto
1410 1882 1548 1950 donante
1563 1885 1603 1949 sit
1618 1897 1737 1950 sanata.
1785 1883 1870 1952 Hoec
1884 1886 1982 1953 frater

600 2011 708 2064 noster
724 1997 966 2064 Bartholomeus
981 1997 1072 2062 nobis
1087 1997 1203 2076 retulit,
1219 1998 1274 2085 qui
1289 1997 1355 2062 istis
1370 1995 1519 2062 interfuit
1564 2019 1596 2083 p.
1616 2007 1687 2066 169.

522 2169 573 2228 63.
598 2159 744 2237 Qualiter
760 2159 793 2224 S.
811 2157 1006 2224 Cutlrbertus
1031 2157 1240 2224 Norwicensis
1267 2155 1419 2224 Ecclesiae
1436 2157 1618 2238 sacristam,
1637 2161 1704 2247 jam
1718 2159 1916 2250 migrantem,
1940 2163 1982 2229 de

602 2286 703 2336 morte
719 2271 878 2357 eripuerit,
894 2273 952 2338 &a
1001 2269 1109 2358 Hujus
1124 2269 1266 2336 miraculi
1279 2269 1381 2358 gratia
1396 2269 1514 2336 talenta
1526 2292 1623 2338 aurea
1637 2292 1732 2358 snper
1745 2271 1843 2338 altare
1859 2272 1981 2340 Euclea.

602 2385 753 2451 Dunelm.
768 2385 923 2470 deposuit
968 2405 1000 2468 p.
1019 2391 1090 2450 140.

524 2553 576 2612 64.
601 2541 773 2622 Quomodo
787 2543 983 2610 vernantibus
998 2542 1039 2608 ad
1063 2542 1102 2610 B.
1119 2542 1288 2610 Cuthberti
1309 2541 1506 2608 festivitatem
1527 2541 1653 2610 modica
1673 2545 1764 2630 panis
1778 2565 1927 2612 mensura
1947 2547 1981 2612 in

603 2657 696 2722 sorno
710 2656 852 2735 creverit,
875 2669 908 2722 et
922 2657 1083 2722 immensa
1092 2655 1285 2721 multitudini
1296 2653 1606 2742 superabundaverit.
1650 2656 1778 2722 Accidit
1792 2657 1854 2723 hoc
1870 2659 1981 2724 Sacer·

602 2767 667 2832 doti
683 2769 842 2855 (Roberto
856 2769 897 2834 de
914 2767 1103 2834 Shitlricoste
1117 2768 1204 2856 quod
1218 2767 1314 2834 latine
1328 2779 1418 2834 sonat
1432 2767 1613 2850 victorioso)
1627 2768 1682 2855 qui
1695 2769 1819 2834 matrici
1830 2770 1981 2836 Ecclesiae

596 2881 628 2944 in
646 2881 773 2946 Ardene
789 2881 858 2946 sitoe
872 2879 1047 2946 deservivit.
1092 2903 1124 2966 p.
1142 2889 1213 2946 144.

525 3025 578 3085 66.
601 3017 746 3095 Qualiter
763 3017 934 3084 Praedones
952 3017 1167 3104 Cymeterium
1189 3017 1340 3082 Ecclesiae
1357 3015 1396 3082 B.
1413 3015 1582 3082 Cuthberti
1597 3016 1630 3082 in
1646 3016 1776 3082 Ardeae
1793 3019 1886 3104 juxta
1913 3018 1981 3083 No·

602 3129 744 3219 tingham
759 3129 837 3206 sitae,
861 3129 1023 3194 sacerdote
1038 3129 1226 3216 prohibente
1241 3129 1420 3208 invaserint,
1443 3127 1610 3216 omniaque
1631 3151 1738 3194 secum
1753 3129 1867 3194 educta
1882 3129 1916 3194 in
1930 3131 1978 3194 in·

605 3239 705 3304 sulam
721 3241 854 3306 vicinam
869 3242 1115 3320 transduxerint,
1131 3242 1186 3307 ubi
1200 3263 1309 3307 omnes
1324 3263 1435 3306 somno
1450 3240 1601 3327 oppressi,
1625 3253 1657 3304 et
1674 3239 1877 3306 Rustioorum
1892 3243 1983 3329 quin·

604 3351 707 3416 decim
722 3353 851 3438 impetu,
875 3365 907 3416 et
922 3365 1042 3418 terrore
1056 3353 1239 3433 tremefacti,
1262 3353 1398 3440 propriis
1419 3373 1486 3416 sese
1500 3363 1611 3418 mutuo
1632 3350 1745 3440 gladiis
1760 3352 1981 3418 interfecerint.

606 3463 690 3528 Haec
705 3463 769 3528 duo
789 3463 941 3528 miracula
962 3464 1046 3530 idem
1070 3465 1234 3546 Sacerdos,
1258 3465 1456 3530 Dunelmum
1470 3463 1598 3530 veniens
1619 3463 1653 3527 in
1674 3475 1744 3528 cetu
1760 3463 1907 3530 Fratrum
1930 3487 1981 3529 re·

603 3577 675 3642 tulit
689 3579 746 3644 &o
791 3599 823 3662 p.
843 3585 914 3643 148.
1335 3573 1340 3586 '

525 3723 576 3782 66.
601 3713 773 3792 Quomodo
790 3713 931 3780 Candelu
945 3737 1085 3794 accensa,
1109 3739 1181 3804 qme
1195 3715 1278 3782 circa
1292 3713 1471 3802 seprdcrum
1485 3711 1679 3790 remanserit,
1699 3710 1777 3776 nihil
1792 3735 1882 3778 secus
1896 3714 1980 3798 posi-

605 3839 709 3892 torum
724 3837 970 3912 consumpserat.
1017 3825 1093 3894 Hoc
1108 3849 1210 3913 nuper
1222 3837 1347 3916 gestum
1360 3823 1504 3890 vidimus.
1549 3845 1581 3909 p.
1600 3831 1671 3890 163.

526 3971 578 4034 67.
602 3963 654 4028 De
670 3961 807 4051 quodum
832 3963 941 4050 iniquo
957 3963 1114 4028 Praedone
1136 3963 1278 4050 (tribuno
1291 3961 1409 4028 scilicet
1423 3961 1542 4026 militiae
1557 3983 1628 4048 quae
1643 3959 1758 4024 eratin
1774 3958 1980 4048 Notingbam,

604 4077 766 4141 tresviros
781 4075 821 4140 de
838 4075 1009 4164 Tutesbyri
1024 4075 1149 4142 sceleris
1170 4075 1338 4162 participes
1360 4073 1569 4155 conducente)
1592 4072 1656 4160 qui,
1680 4085 1823 4138 armenta
1837 4071 1981 4158 quaedam

603 4189 643 4254 de
659 4189 731 4257 villa
746 4188 786 4253 de
802 4187 1032 4266 Nonnantuna,
1048 4211 1120 4276 quae
1135 4187 1258 4274 dejure
1274 4185 1313 4252 B.
1327 4185 1494 4254 Cuthbcrti
1509 4197 1585 4263 erat,
1601 4183 1984 4272 sustulerat—quomodo

605 4303 754 4366 Sanctum
771 4299 835 4366 Dei
852 4297 1101 4386 blasphemando
1115 4299 1221 4388 qualia
1234 4299 1420 4364 commeruit
1434 4309 1626 4384 perceperat
1670 4318 1703 4382 p.
1722 4303 1794 4362 154.

606 4437 790 4504 Iucrrruur
813 4457 989 4502 urnacuna
1011 4457 1089 4520 pun
1113 4435 1249 4502 Burrus
1273 4435 1506 4502 Curussarus
1529 4453 1703 4500 ornamus
1726 4455 1786 4500 aar
1808 4455 1847 4500 ru
1870 4435 1983 4500 Cour-

604 4571 705 4614 naun.

526 4700 577 4756 68.
602 4687 655 4755 De
669 4687 791 4754 Juvene
805 4683 953 4774 quodam,
978 4685 1032 4774 qui
1055 4685 1156 4750 corvis
1178 4707 1273 4772 super
1297 4682 1470 4750 Ecclesiam
1497 4681 1535 4746 B.
1553 4681 1721 4748 Cutlrberti
1743 4681 1828 4768 apud
1843 4682 1984 4747 Lixtune

605 4801 724 4888 (villam
739 4801 771 4864 in
789 4797 963 4866 Castrensis
978 4799 1089 4884 patriae
1103 4797 1252 4862 extremis
1267 4795 1382 4860 finibus
1398 4796 1430 4860 in
1451 4795 1521 4882 ipso
1535 4795 1629 4862 maris
1644 4793 1786 4862 limbo&
1802 4793 1892 4858 litore
1907 4817 1983 4859 con-

603 4915 755 4996 stitutum)
772 4909 1005 4976 nidificantibus
1021 4910 1167 4998 injuriam
1182 4909 1296 4974 inferre
1311 4907 1726 4998 presumpsit-quomodo,
1749 4905 1854 4996 digitis
1869 4907 1901 4970 in
1916 4907 1985 4992 pal-

602 5049 687 5092 mam
711 5025 888 5102 contractis,
912 5045 1027 5110 penam
1049 5045 1115 5088 sure
1136 5021 1318 5086 temeritatis
1340 5019 1503 5106 receperit,
1530 5019 1709 5098 etiterum,
1741 5019 1779 5084 B.
1805 5017 1983 5084 Cutlrberto

600 5140 777 5216 miserante,
794 5137 954 5203 restitutus
969 5137 1017 5202 sit.
1061 5156 1094 5220 p.
1113 5140 1184 5202 157.

522 5287 574 5346 69.
597 5277 651 5344 De
666 5276 774 5342 Divite
785 5273 922 5362 quodam
938 5275 1026 5360 cujus
1041 5294 1077 5335 os
1092 5283 1270 5335 contortum
1283 5271 1314 5333 in
1323 5271 1505 5356 posterioris
1520 5269 1592 5334 colli
1603 5281 1693 5355 parte
1703 5267 1983 5356 resederat-quo-

601 5388 699 5454 modo
723 5385 923 5474 pernoctanti
938 5385 971 5450 in
995 5382 1138 5450 Ecclesia
1159 5405 1216 5447 sua
1230 5382 1270 5446 de
1294 5381 1432 5446 Lixtune
1447 5381 1624 5468 supradicti
1649 5379 1688 5444 B.
1713 5378 1907 5445 Cuthbertus
1929 5401 1985 5465 ap-

601 5499 750 5588 paruerit,
767 5512 799 5564 et
811 5499 952 5586 pristinae
967 5497 1092 5562 sanitati
1106 5496 1211 5560 subito
1225 5493 1402 5560 restituerit.
1446 5518 1478 5581 p.
1498 5503 1569 5561 161.

526 5645 576 5706 70.
601 5635 653 5701 De
668 5635 790 5702 Juvene
805 5632 942 5722 quodam
958 5635 1123 5712 seminece,
1140 5633 1172 5696 in
1188 5630 1302 5696 feretro
1317 5630 1357 5695 ad
1374 5629 1494 5696 Eccles.
1516 5629 1555 5694 B.
1573 5628 1741 5695 Cuthberti
1755 5628 1982 5717 delato—quo-

601 5747 698 5813 modo
713 5769 811 5812 mauu
826 5758 966 5811 erectum
981 5747 1022 5810 ad
1037 5745 1134 5810 altare
1148 5743 1342 5830 perduxerit,
1358 5755 1390 5808 et
1404 5741 1536 5829 sepelire
1550 5743 1735 5828 parantibus
1751 5764 1863 5810 sanum
1878 5741 1984 5808 reddi-

601 5859 691 5924 derit
735 5882 767 5946 p.
787 5867 858 5925 166.

525 6001 575 6064 71.
599 5995 652 6059 De
665 5996 734 6059 viro
749 5997 803 6082 qui
817 5995 940 6060 hastam
956 5995 1073 6060 orantis
1085 5995 1118 6058 in
1134 5991 1275 6059 Ecclesiri
1287 5991 1326 6058 B.
1343 5991 1510 6058 Cuthberti
1525 5991 1643 6057 ibidem
1658 5989 1756 6060 furari
1767 5991 1987 6078 voluit-qua·

603 6105 674 6170 liter
688 6127 800 6172 manns
815 6109 882 6195 ejus
897 6109 1006 6188 hasta,
1023 6121 1054 6174 ct
1068 6109 1159 6174 hasta
1172 6107 1280 6174 manui
1295 6105 1467 6174 inhaeserit.
1508 6127 1541 6190 p.
1560 6110 1632 6175 167.
