4650 7852
779 1115 967 1170 sccansrm
993 1115 1271 1169 ouunnuunsrs.
1704 1091 1770 1170 161

67 1334 102 1409 Β.
114 1327 185 1404 ΙΙΙ.
201 1339 261 1420 17.
287 1335 318 1396 2.
342 1321 773 1395 Α11111111110111111111.
1597 1318 1666 1384 Fol.
1684 1320 1777 1387 sub.

85 1428 166 1472 '⁰³⁰
346 1437 528 1527 Proligitur
543 1435 687 1522 Epistola
703 1433 803 1502 Gisloe
817 1445 850 1500 et
865 1430 1029 1498 Rictrudae
1043 1430 1085 1498 ad
1100 1431 1264 1510 Albinum,
1280 1453 1353 1496 cum
1369 1429 1479 1498 Albini
1495 1431 1723 1520 Responsione.

347 1549 490 1638 Epistola
516 1547 617 1614 Gislae
640 1547 685 1612 sic
706 1547 834 1634 incipit:
864 1543 1089 1609 “Venerando
1114 1545 1207 1629 patri,
1231 1544 1384 1631 nobisque
1410 1565 1482 1610 cum
1508 1563 1632 1611 summo
1657 1547 1778 1614 honore

363 1687 365 1690 ·
391 1670 414 1704 ‘⁶
427 1657 657 1746 amplectendo,
685 1657 805 1723 Albino
821 1655 989 1744 Magistro,
1016 1654 1134 1720 christi
1153 1653 1269 1721 lirmule
1285 1655 1376 1722 Gisla
1397 1669 1429 1722 et
1453 1657 1607 1724 Rictruda
1628 1674 1779 1746 perpetue

390 1771 628 1861 “Rbeatitudinis
650 1769 791 1836 salutem.
838 1768 1028 1856 Postquam3
1050 1766 1240 1832 Venerande
1255 1765 1420 1856 Magister,
1444 1769 1563 1857 aliquid
1577 1771 1617 1838 de
1632 1773 1780 1839 melliflui

393 1895 415 1928 “
430 1887 546 1951 Sancte
562 1881 724 1968 Scriptura
738 1879 930 1969 cognitione,
945 1877 1047 1945 vestrl:
1062 1879 1230 1968 sagacitate
1244 1891 1432 1964 exponente,
1447 1879 1674 1948 hausimus”-

353 1999 462 2066 Albini
478 1996 655 2082 Responsio
670 1995 714 2060 sic
729 1993 857 2078 incipit:
883 2001 904 2034 “
916 1991 1125 2057 Nobilissimis
1140 1992 1172 2055 in
1190 1989 1368 2055 Christiane
1383 1989 1542 2080 religionis
1555 1993 1735 2076 Sanctitate,
1752 2009 1784 2061 ct

395 2119 417 2154 “
430 2112 464 2174 in
488 2105 648 2194 Sapientie
673 2099 791 2171 Studiis
813 2101 1029 2181 devotissimis,
1053 2097 1127 2169 Deo
1150 2102 1259 2168 dicatis
1275 2102 1469 2190 Virginibus,
1495 2104 1585 2170 Gisle
1609 2107 1727 2185 sorori,
1750 2119 1782 2172 ct

396 2231 417 2264 “
434 2219 576 2287 Rictride
597 2218 671 2296 filie,
697 2216 878 2280 humilimus
906 2215 1001 2280 frater
1026 2227 1058 2280 et
1076 2215 1230 2300 presbiter
1251 2215 1386 2280 Albinus
1407 2231 1559 2302 perpetue
1582 2217 1783 2283 beatitudinis

396 2343 418 2377 “
432 2333 594 2398 salutem.''
639 2327 740 2411 [N.B.
758 2325 967 2414 Compellatio
980 2321 1050 2391 haec
1065 2329 1097 2390 in
1112 2327 1254 2414 margine
1268 2327 1456 2392 adscribitur
1471 2327 1567 2392 literis
1581 2331 1784 2412 minoribus]

397 2455 419 2488 “
435 2442 600 2522 Quanttlm
614 2443 647 2506 in
663 2440 857 2506 sanctissimo
872 2439 1022 2524 sapientie
1038 2438 1142 2502 studio
1157 2439 1306 2525 optimam
1316 2439 1349 2504 in
1360 2441 1447 2504 vobis
1461 2440 1558 2506 laudo
1572 2441 1780 2520 devotionem,

399 2565 421 2600 “
435 2555 557 2622 tannim
572 2551 634 2620 mei
645 2553 742 2640 ipsius
756 2547 874 2639 plango
888 2549 1141 2636 imperitiam'’-

357 2669 609 2736 Commentarius
624 2667 687 2731 sic:
713 2674 734 2708 ‘⁶
746 2663 821 2729 Non
845 2661 960 2726 frustra
980 2657 1090 2726 beatus
1112 2659 1284 2739 Johonncs,
1308 2659 1440 2726 dilectus
1456 2657 1588 2727 Domini
1602 2656 1784 2749 discipulus,

399 2789 421 2822 ‘⁶
435 2781 469 2844 in
484 2779 560 2888 cepi:
576 2797 672 2863 supra
685 2787 795 2862 pectus
809 2775 887 2840 Jesu
901 2773 1081 2838 recubuisse
1095 2771 1342 2858 perhibetur&-

299 2928 328 2984 8.
353 2915 391 2982 B.
407 2915 581 2980 1111011111
598 2913 786 2978 Exrosrrto
803 2933 841 2976 m
856 2911 1003 2976 Ysamu.
1596 2905 1672 2974 folio
1688 2920 1739 2981 76.

357 3027 538 3114 Praefigitur
562 3023 705 3110 Epistola
729 3023 770 3087 ad
787 3021 1004 3098 Eustochium,
1030 3043 1101 3106 quae
1127 3019 1171 3084 sic
1192 3017 1319 3104 incipit:
1344 3019 1492 3107 “Longo
1514 3021 1568 3085 rix
1589 3033 1731 3106 tempore
1753 3021 1786 3084 in

398 3121 565 3202 duodecim
583 3133 822 3219 Prophetas”-
1861 3113 1865 3120 Ι

359 3248 610 3314 Commentarius
633 3247 697 3312 sic:
723 3254 744 3289 “
757 3245 822 3311 Pro
835 3243 931 3322 Judt,
954 3245 987 3308 in
1010 3265 1073 3330 quo
1095 3243 1311 3332 significantur
1332 3241 1395 3307 due
1410 3240 1520 3321 tribba,
1543 3263 1611 3308 Lxx
1633 3255 1665 3308 ct
1680 3241 1788 3308 'Ibeo-

401 3367 423 3401 “
436 3358 554 3424 dotio.''

301 3505 331 3560 t.
356 3493 503 3560 Eusaars
518 3493 690 3558 Jnaoumrr
707 3493 916 3558 Pausarranr
933 3491 1118 3558 Exrosrrm
1134 3491 1353 3556 Ezrcnmms.
1600 3491 1654 3555 fol.
1673 3497 1745 3560 179.

361 3606 413 3671 Sic
428 3604 537 3690 incipit
553 3603 709 3691 Prologus
724 3603 765 3668 ad
782 3603 1010 3669 Eustochium:
1027 3601 1173 3666 “Finitis
1189 3602 1222 3664 in
1238 3601 1366 3665 Ysaiam
1381 3600 1490 3666 decem
1505 3613 1538 3666 ct
1551 3614 1625 3666 octo
1641 3601 1791 3686 explana-

389 3725 411 3758 “
424 3717 545 3780 tionum
559 3715 835 3780 voluminibua'’-

359 3829 526 3915 Expositio
548 3829 609 3893 sic:
634 3835 656 3870 ‘⁶
672 3825 866 3894 Tricesimus
890 3847 992 3894 annm
1018 3847 1094 3905 non,
1116 3837 1153 3890 ut
1173 3826 1315 3913 plerique
1339 3827 1494 3906 estimant,
1519 3829 1608 3892 etatis
1633 3825 1792 3914 Prophete

402 3949 424 3982 “
439 3939 617 4004 dicitur’-

360 4051 531 4139 Eleganter
546 4050 680 4136 scriptus
694 4061 742 4114 est
755 4049 808 4114 hic
824 4047 947 4128 Codex,
963 4048 1054 4113 lineis
1069 4047 1238 4112 dimidiatis
1246 4072 1256 4125 3
1278 4047 1376 4114 literis
1390 4047 1575 4129 minoribus,
1591 4049 1792 4131 scommatis:

401 4176 474 4228 ante
489 4185 607 4228 annum
623 4167 672 4250 (ut
685 4162 823 4246 videtur)
837 4163 1036 4228 millesimum
1051 4161 1312 4226 trecentesimum.
1392 4215 1396 4223 .

359 4273 399 4339 In
413 4273 489 4338 folio
502 4274 626 4360 primo:
651 4282 672 4317 ‘⁶
682 4273 724 4340 de
738 4275 787 4340 coi
800 4273 927 4340 librarii
944 4271 1098 4371 Mo⁰chop
1113 4271 1286 4338 Dunelfol’

219 4594 278 4662 18.
306 4587 536 4660 Bsaunaous
554 4605 636 4657 curu
654 4587 676 4654 8
694 4603 805 4655 atus.

309 4741 336 4796 1.
361 4729 468 4796 Β1111
486 4728 670 4794 Β11111101
687 4728 837 4792 Ansam
853 4723 1131 4790 Mrotrartonrs.
1624 4723 1677 4796 fol.
1694 4743 1745 4799 85.

364 4842 416 4906 Sic
431 4840 602 4925 incipiunt:
628 4835 759 4901 “Multi
774 4835 873 4900 multa
887 4836 1013 4913 sciunt,
1030 4847 1062 4899 et
1076 4835 1194 4921 seipsos
1209 4838 1416 4902 nesciunt”-

363 4952 529 5040 Leguntur
542 4951 624 5014 inter
638 4969 736 5034 opera
749 4948 815 5033 ejus
830 4945 924 5011 edita.

366 5061 451 5130 No.
468 5058 633 5128 Excidisse
647 5059 794 5124 videntur
807 5079 849 5122 ex
869 5055 932 5122 hoc
948 5056 1067 5123 Codice
1081 5058 1180 5123 multa
1194 5057 1285 5125 folia:
1308 5059 1361 5125 bic
1382 5061 1466 5126 enim
1480 5073 1638 5142 tractatus,
1664 5063 1718 5151 qui
1732 5065 1797 5151 pri·

404 5197 475 5239 mus
490 5187 547 5252 est,
563 5184 690 5237 notatur
703 5169 757 5235 fol
773 5177 825 5235 85.

307 5319 337 5376 2.
361 5309 476 5375 Lraaa
502 5329 545 5372 oa
570 5307 782 5373 Mssansamr
807 5323 958 5370 1101111111
982 5327 1205 5372 cosmrroms
1231 5329 1397 5373 rucanssu
1421 5329 1544 5375 notros
1567 5332 1588 5375 a
1611 5310 1796 5378 Lorrmruo

404 5419 574 5486 Dracouo
592 5417 786 5483 Garamam
803 5418 1016 5483 Ssucroaum
1033 5419 1158 5483 Ssaom
1174 5439 1216 5482 ar
1232 5419 1355 5498 Vsum,
1381 5441 1442 5503 pur
1458 5442 1540 5486 rosr
1562 5422 1798 5490 Ittrtocaurrus

410 5533 503 5597 Pers
517 5549 662 5595 renatos
677 5547 889 5596 seruaturus
904 5551 973 5595 aar.
1586 5533 1661 5598 folio
1680 5543 1750 5601 100.

368 5643 420 5710 Sic
435 5642 546 5728 incipit
561 5641 737 5730 Prologus:
762 5640 963 5706 “Modicum
978 5641 1076 5705 otium
1092 5640 1178 5727 quod
1192 5641 1274 5706 inter
1286 5643 1402 5709 multas
1415 5645 1638 5733 angustias''-

367 5753 536 5819 Tractatus
550 5751 603 5818 hic
618 5754 650 5818 in
661 5753 1030 5833 librostresdivisusest,
1043 5765 1075 5818 et
1084 5753 1121 5818 P.
1135 5753 1303 5820 Portnensi
1313 5756 1473 5843 Episcopo
1483 5757 1660 5844 inscriptus.
1710 5760 1802 5846 Soepe
1834 5834 1839 5838 ,

408 5867 511 5932 editus
525 5866 593 5931 fuit.

371 5977 520 6043 Occurrit
534 5999 639 6064 supra,
655 5979 729 6046 licet
743 5979 952 6066 imperfectus,
969 5981 1011 6045 A.
1028 6001 1071 6046 tv.
1089 5981 1170 6049 Cod.
1187 5991 1238 6076 19.
1254 5991 1343 6046 tract.
1360 5989 1390 6045 2.

372 6089 422 6156 Hi
435 6090 501 6156 duo
522 6091 673 6156 tractatis
699 6091 807 6176 scripti
828 6103 902 6158 aunt
923 6091 964 6158 ab
985 6092 1097 6158 eadem
1118 6117 1224 6174 manu,
1252 6093 1364 6182 reliqui
1386 6092 1427 6158 ab
1448 6091 1508 6158 1111
1523 6091 1656 6160 maltum
1671 6091 1803 6160 diversa.

998 6223 1046 6268 11
