4630 7860
937 1101 1139 1162 caustro.
1793 1115 1818 1164 V

299 1365 430 1464 Neque
446 1363 574 1440 leviter
599 1365 684 1442 sane
713 1364 773 1440 ille
799 1365 846 1442 de
873 1367 980 1444 MSS.
1006 1367 1204 1468 praedicare
1229 1361 1425 1444 consuetus
1452 1377 1517 1458 est,
1545 1360 1616 1444 sed
1632 1369 1818 1447 literarum

249 1561 516 1650 formationem,
543 1563 637 1661 (sive
655 1561 822 1638 rotundae
839 1564 913 1637 sive
930 1564 1045 1660 magis
1058 1565 1292 1660 acuminatae)
1316 1566 1506 1641 atramenti
1522 1563 1692 1656 colorem,
1711 1592 1823 1642 mem-

252 1763 376 1851 brana,
401 1763 572 1862 picturas,
601 1759 905 1860 orthographiam,
925 1772 1059 1836 cuncta
1074 1760 1154 1838 haec
1179 1763 1300 1837 animo
1324 1765 1564 1862 perpendens,
1583 1765 1822 1864 judicia'pro-

253 1958 431 2033 tuliteeo
448 1958 588 2034 scilicet
602 1983 824 2059 prosequens
848 1983 981 2048 amore,
1001 1959 1044 2034 ed
1060 1960 1162 2034 brevi
1178 1959 1244 2034 sed
1268 1961 1446 2059 exquisita
1461 1963 1619 2060 partium
1635 1977 1823 2040 enumera-

251 2161 351 2234 tione
369 2157 578 2234 codicillum
596 2159 808 2259 depingens,
826 2183 900 2257 quo
915 2159 1042 2234 florem
1059 2158 1232 2235 Iinnaeus
1243 2159 1488 2234 demonstrare
1505 2158 1607 2234 solet
1657 2159 1719 2235 Ne
1734 2164 1823 2236 verb

255 2357 398 2431 silentio
413 2369 670 2457 praetereamus
695 2353 794 2456 quod
812 2354 896 2454 jure
914 2355 1077 2432 debitum
1102 2356 1269 2430 videatur
1292 2356 1378 2430 huic
1395 2356 1535 2432 Ultimo
1552 2355 1758 2431 Scribarum
1777 2360 1826 2457 (si

254 2554 369 2630 modd
385 2554 457 2629 hoc
473 2555 620 2630 nomine
637 2553 813 2629 Nostrum
830 2553 990 2628 indicare
1014 2553 1141 2650 liceat)
1165 2566 1282 2628 totum
1307 2554 1406 2627 hunc
1424 2554 1639 2653 Catalogum
1659 2555 1825 2654 pulcher-

253 2753 343 2827 rime
360 2752 603 2850 perscriptum
620 2775 708 2840 esse,
727 2753 855 2850 sudpte
872 2752 993 2839 mand,
1014 2755 1045 2826 δι
1062 2751 1156 2849 pene
1174 2751 1252 2824 sine
1268 2747 1387 2824 liturb.
1431 2807 1443 2814 ,.
1563 2803 1567 2811 ·

309 2949 436 3023 Finem
454 2948 540 3022 huic
557 2949 657 3048 operi
683 2946 786 3022 dedit
803 2947 1015 3036 Allertonae,
1042 2948 1128 3046 qud,
1155 2947 1282 3022 iisdem
1308 2971 1393 3020 usus
1418 2951 1589 3046 patronis,
1616 2959 1825 3040 ann01725

257 3171 295 3220 se
312 3157 510 3245 receperat.

309 3344 423 3419 Anno
441 3351 536 3433 1728
554 3345 649 3418 inter
666 3341 928 3420 Prehendurios
946 3342 1185 3443 Riponienses
1202 3356 1413 3420 numeratus
1430 3357 1496 3420 est.

127 3565 241 3648 1732,
311 3543 597 3642 Washingtoniae
620 3544 768 3619 demum
792 3546 833 3620 in
859 3543 1070 3619 Rectoriam
1096 3557 1254 3634 evectus,
1280 3543 1333 3618 ibi
1356 3555 1510 3618 mortem
1536 3545 1627 3620 obiit
1642 3549 1830 3647 sexaginta

260 3745 292 3816 δι
310 3743 471 3839 quinque
489 3763 604 3814 annos
617 3750 735 3816 natus.

307 3937 449 4013 Eodem
477 3962 574 4012 anno
603 3962 677 4037 quo
705 3946 870 4012 mortuus
898 3949 964 4025 est,
991 3937 1126 4037 prodiit
1155 3938 1342 4038 Symeonis
1368 3935 1546 4012 Monachi
1571 3937 1830 4016 Duuelmensis

260 4131 425 4206 Libellus
443 4130 490 4205 de
507 4131 657 4206 exordio
674 4136 706 4212 δι
723 4130 898 4230 procursd
913 4132 1015 4206 istius
1033 4129 1218 4220 Ecclesiae,
1250 4155 1359 4230 quem
1382 4133 1403 4206 ὲ
1421 4133 1548 4206 codice
1566 4132 1648 4210 MS.
1671 4141 1828 4236 peranti·

255 4354 328 4428 quo
350 4331 388 4402 in
406 4326 633 4402 Bibliothecd
649 4324 797 4426 publicd
822 4325 1090 4427 Episcoporum
1105 4325 1411 4401 Duuelmensium
1437 4327 1627 4428 descripsit
1643 4330 1830 4432 ediditque

263 4525 424 4599 Thomas
441 4522 618 4600 Bedford.
670 4521 772 4597 Huic
789 4523 890 4622 operi
907 4523 1194 4622 praemittebatur
1210 4525 1324 4597 nostri
1337 4521 1491 4598 Thomae
1503 4522 1592 4597 Rud
1604 4523 1829 4624 Disquisitio,

266 4723 303 4793 in
321 4721 393 4820 qud
409 4720 595 4818 probatur,
622 4730 751 4794 ronna
765 4716 988 4817 objectiones
1005 4717 1052 4793 cl.
1070 4715 1246 4794 Johannis
1264 4717 1421 4807 Seldeni,
1439 4742 1514 4794 non
1532 4717 1750 4820 Turgotum,
1769 4721 1834 4798 sed

262 4919 490 5017 symeonem,
520 4915 631 5028 luisse
647 4939 776 4992 verum
797 4915 907 5015 hujus
932 4913 1065 4990 Libelli
1080 4927 1255 4992 autorem.
1307 4915 1417 4992 Hanc
1442 4905 1524 4992 fule
1547 4916 1715 5014 laudibus
1731 4917 1834 4992 effert

258 5113 305 5188 Τ.
324 5112 497 5203 Bedford,
527 5114 648 5187 “cui'’
676 5123 720 5187 ut
733 5112 820 5212 ipsis
837 5109 996 5186 Editoris
1013 5113 1133 5190 verbis
1150 5123 1243 5203 utar,
1288 5124 1312 5158 “
1325 5071 1396 5188 hoc
1412 5091 1628 5234 oppsculum
1646 5138 1833 5200 emaman-

266 5322 290 5356 “
303 5323 384 5386 tum
402 5335 506 5386 suum
522 5313 750 5411 praecipuum
766 5308 880 5386 refert
895 5312 1129 5410 acceptum.'’
1299 5320 1381 5439 s
1483 5279 1508 5318 ⁸

311 5507 507 5607 Ingeniosa
523 5507 609 5582 sane
627 5506 732 5581 nobis
756 5505 901 5582 videtur
917 5504 997 5582 haec
1022 5503 1235 5602 disquisitio,
1263 5508 1295 5578 δι
1321 5527 1404 5601 quae
1420 5502 1520 5577 litam
1548 5502 1594 5578 de
1610 5527 1649 5578 re
1675 5502 1738 5580 tali
1755 5503 1837 5578 diri-

263 5727 362 5778 mere
390 5703 543 5791 *valeat
570 5725 646 5776 non
672 5712 795 5776 autem
812 5699 994 5776 concinni
1019 5698 1182 5773 oratione
1204 5697 1398 5798 profluens.
1462 5698 1700 5776 Condonabit
1717 5711 1840 5774 tamen

291 6147 310 6185 ¹
326 6140 445 6199 Abstulit
456 6157 562 6196 omnem
573 6138 607 6196 de
618 6138 730 6198 raritate
746 6135 898 6211 hypothesis
910 6135 1041 6197 Budua
1059 6137 1273 6207 aromatarium,
1290 6135 1430 6211 Reginaldi
1448 6137 1628 6196 testimonium
1636 6129 1740 6195 ¹do-hda
1751 6153 1785 6193 re
1798 6152 1846 6192 uu·

259 6235 543 6312 mimim-
