4650 7852
519 1077 592 1158 166
1049 1101 1207 1156 coerces
1230 1099 1488 1156 usuuscsrrrr

298 1309 342 1384 Β,
357 1307 431 1384 ΙΙΙ,
445 1313 506 1386 22,
594 1303 743 1393 Sequitur
758 1321 833 1367 vero
848 1299 1100 1366 Conoordnntias
1116 1299 1243 1367 chuls
1256 1300 1453 1388 alphabetico
1467 1297 1608 1364 omniurn
1623 1299 1798 1381 titulorum,
1821 1325 1893 1391 quae
1908 1303 1941 1369 in
1957 1303 2024 1370 Co-

321 1405 412 1449 '⁰¹⁴¹⁰l
633 1417 704 1481 dice
719 1411 880 1498 superiore
893 1411 991 1476 deest.

512 1563 562 1622 11.
586 1552 826 1618 Cnnrsosrour
851 1547 1103 1628 Hoursrsrurr,
1127 1553 1317 1634 1n[opere]
1340 1567 1556 1615 ruranrscro
1579 1567 1688 1614 surra
1711 1549 1844 1616 Vnnsrs
1860 1547 2021 1630 Murum,

632 1663 770 1730 Trrum.
1797 1663 1888 1730 Folio
1906 1673 1976 1732 105.

590 1777 673 1843 Sunt
685 1775 768 1840 tituli
784 1781 836 1853 77,
853 1796 982 1840 smanu
996 1775 1170 1840 recentiore
1187 1773 1313 1860 Scripti.

514 1921 563 1979 12.
587 1911 700 1978 Lmen
716 1931 777 1995 pur
793 1931 948 1976 vocarun
973 1909 1193 1976 Pnurrnrna:
1217 1909 1277 1988 vel,
1301 1909 1415 1976 Lrnra
1436 1909 1707 1976 Couourrnarus
1729 1911 1825 2001 [lege
1848 1913 2022 1978 commoni·

636 2024 752 2106 torius]
768 2043 811 2089 nn
827 2043 1032 2089 cou'rnurru
1051 2020 1190 2088 Muunr.
1674 2021 1749 2087 solio
1769 2033 1829 2090 106
1845 2025 1886 2090 ad
1905 2033 1977 2091 158.

593 2137 741 2204 Auctoris
764 2157 880 2200 nornen
902 2157 968 2199 non
989 2135 1178 2222 apponitur:
1202 2133 1337 2200 Videtur
1358 2145 1464 2200 autem
1486 2155 1528 2198 ex
1553 2133 1692 2222 Prologo
1712 2135 1807 2200 fuisse
1831 2135 2023 2222 Episcopus,

634 2251 699 2338 qui,
716 2271 847 2314 munere
862 2271 900 2314 eo
915 2247 1068 2334 deposito,
1088 2247 1122 2311 iu
1136 2268 1260 2313 secessu
1274 2269 1333 2312 suo
1349 2245 1574 2312 Meditationes
1588 2245 1645 2312 has
1659 2245 1700 2312 de
1715 2246 1887 2314 Contemtu
1902 2245 2023 2314 Mundi

634 2360 830 2446 conscripsit

595 2471 708 2537 Habet
723 2470 881 2558 Capituls,
898 2469 962 2534 sive
978 2475 1026 2556 (ut
1040 2471 1206 2551 vocantur)
1221 2465 1402 2534 Divisiones
1417 2475 1480 2546 223
1495 2467 1609 2554 quibus
1625 2469 1781 2558 Prologus
1795 2469 1981 2560 prasfigitur.

597 2581 755 2670 Prologus
772 2583 817 2647 sic
832 2581 961 2667 incipit:
986 2580 1162 2666 “Optatus
1184 2579 1279 2644 michi
1301 2577 1368 2644 dies
1390 2577 1559 2645 advenerat
1564 2625 1686 2648 .........
1710 2583 1853 2648 visitante
1875 2607 1925 2648 me
1947 2581 2028 2648 divi·

637 2701 660 2737 ‘⁶
673 2694 714 2760 ni
724 2737 804 2760 ......
820 2691 984 2758 clementii
1007 2705 1195 2758 exoneratus
1210 2713 1280 2756 sum
1299 2691 1339 2760 ab
1355 2689 1566 2758 Ecclesimtici
1587 2693 1748 2782 regiminis
1762 2696 1943 2784 gravissimi
1956 2693 2028 2766 lffil

638 2815 661 2848 “
674 2819 762 2872 tauto
777 2806 814 2872 eir
829 2805 978 2871 decausis
993 2805 1099 2870 animo
1114 2805 1212 2870 lecior
1226 2803 1274 2870 eff
1272 2849 1395 2870 .........
1412 2805 1530 2886 [laetior
1545 2805 1701 2887 effeetus]
1716 2820 1836 2894 quanto
1850 2809 2028 2900 levigscior,

639 2928 662 2963 ‘⁶
675 2931 769 3008 etque
784 2919 912 2984 liberior
927 2918 1036 2996 factm,
1052 2917 1194 3004 depositi
1212 2917 1381 2982 Pastorulis
1404 2939 1481 2982 cure
1497 2918 1627 2983 Ssrcirui
1641 2919 1775 3006 grandi:
1798 2943 1892 3008 quum
1915 2924 2032 2989 invitus

640 3041 662 3074 ‘⁶
675 3044 884 3117 portaverant,
909 3029 984 3116 quia
998 3027 1207 3093 inbecillitatis
1221 3049 1291 3092 mea
1306 3027 1387 3092 vires
1402 3039 1595 3105 excesseram
1612 3029 1670 3095 sub
1693 3031 1781 3116 cujus
1803 3034 1943 3118 pondere
1957 3058 2030 3124 grs-

639 3154 662 3189 ⁶‘
675 3157 765 3210 vatus
791 3145 1016 3233 ingemuerant,
1043 3141 1193 3230 quoniam
1217 3140 1337 3228 Spiritu
1358 3141 1492 3228 pusillus
1522 3163 1619 3208 erun.
1674 3142 1791 3210 Grates
1821 3147 1927 3235 itaque
1955 3147 2029 3214 Deo

640 3263 663 3298 66
676 3257 814 3320 meo„-

598 3365 724 3433 Divisio
739 3367 842 3452 prima
863 3365 907 3429 sic
922 3364 1050 3450 incipit:
1076 3371 1097 3405 ‘⁶
1113 3363 1204 3428 Beati
1218 3385 1373 3450 pauperes
1397 3364 1527 3449 Spiritu,
1551 3365 1700 3451 quoniam
1716 3365 1857 3452 ipsorum
1879 3381 1927 3434 est
1943 3369 2030 3458 Reg-

644 3485 666 3520 “
681 3499 757 3542 num
775 3475 955 3542 Celorum.”
1001 3483 1023 3516 ‘⁶
1039 3473 1199 3559 Pauperes
1223 3475 1343 3560 Spiritu
1367 3487 1443 3539 suut
1463 3495 1528 3538 non
1543 3475 1660 3554 inflati,
1676 3498 1739 3540 non
1755 3478 1837 3558 elati,
1861 3501 1926 3544 uon
1941 3503 2033 3546 arro-

641 3597 663 3629 ⁶‘
677 3601 787 3676 gentes
803 3599 834 3652 et
848 3586 986 3674 superbi,
1002 3585 1172 3673 dequibus
1188 3585 1361 3672 Apostolus
1375 3584 1462 3664 dicit,
1480 3585 1556 3650 Noli
1570 3585 1667 3651 altum
1683 3591 1855 3674 sapere¹’-

582 3785 711 3852 Excidit
725 3807 766 3851 ex
780 3784 841 3850 hoc
865 3784 984 3849 Codice
999 3783 1178 3860 Tractatus,
1202 3783 1256 3869 qui
1270 3782 1303 3846 in
1318 3805 1357 3848 eo
1371 3782 1447 3847 olim
1461 3782 1573 3864 fuerat,
1597 3791 1646 3872 (ut
1660 3789 1814 3874 conjicere
1828 3789 1901 3854 licet
1915 3812 1956 3855 ex
1973 3791 2028 3856 Iu·

539 3899 646 3965 dicrrlo
661 3899 693 3962 in
708 3897 811 3962 fronte
825 3895 897 3960 libri
912 3895 1056 3982 prreiixo,
1073 3893 1174 3959 Tituli
1188 3893 1363 3959 historiales
1380 3893 1493 3960 Biblie.

585 4011 728 4096 Scriptus
742 4021 790 4074 est
804 4007 893 4072 lineis
908 4007 1035 4084 divisis3
1058 4005 1156 4070 literis
1171 4005 1364 4084 minoribus3
1386 4019 1459 4071 ante
1473 4028 1573 4072 annos
1596 4013 1645 4095 (ut
1659 4009 1795 4094 videtur)
1816 4011 1940 4078 circiter
1953 4022 2030 4080 400.

408 4129 414 4140 '
541 4123 617 4190 Non
632 4133 716 4188 totus
730 4131 778 4184 est
792 4119 833 4184 ab
847 4119 958 4184 eidem
972 4139 1088 4194 manu:
1104 4117 1161 4183 sed
1176 4117 1315 4204 ejusdem
1330 4117 1395 4184 sere
1409 4119 1520 4184 eutis

582 4236 623 4302 In
637 4233 728 4298 initio
743 4233 834 4296 libri:
859 4241 880 4272 “
895 4231 936 4296 de
950 4231 999 4295 cdi
1014 4230 1103 4296 libris
1119 4229 1292 4294 Dunelffi.”

583 4346 623 4412 In
638 4344 713 4409 folio
727 4343 891 4429 opposito:
917 4351 939 4384 ‘⁶
954 4364 994 4406 ex
1008 4343 1098 4426 pcur’
1113 4341 1173 4404 l'ris
1189 4339 1230 4404 T.
1249 4341 1351 4405 Rome
1365 4363 1453 4406 sacre
1467 4345 1560 4429 pagis
1575 4341 1740 4408 Psessor'l’

585 4456 668 4534 Quis
683 4455 776 4522 fuerit
789 4456 847 4520 iste
863 4454 904 4520 T.
922 4453 1035 4532 Rome,
1051 4451 1166 4518 nescio.

455 4780 516 4852 23.
541 4773 733 4852 Jonnnurs
751 4769 940 4844 Lucrorus
958 4768 1099 4842 Suum
1118 4766 1406 4842 Corressonuu.

583 4947 637 5014 De
651 4946 774 5012 loenne
790 4943 924 5008 lectore
937 4941 1009 5006 vide
1026 4939 1064 5005 Β.
1082 4963 1105 5004 1.
1123 4939 1204 5005 Cod.
1222 4949 1273 5006 80.
1606 5001 1609 5006 .

584 5059 744 5125 Ceterum
770 5057 901 5121 Summa
922 5053 1002 5132 haec,
1029 5075 1101 5141 qure
1123 5053 1156 5116 in
1178 5051 1238 5116 isto
1261 5048 1380 5116 Codice
1401 5031 1583 5134 imper'lecta
1603 5059 1660 5128 est,
1684 5049 1716 5114 in
1739 5049 1801 5116 hoc
1826 5061 1875 5117 est
1896 5051 2030 5142 integre,

541 5171 624 5237 Sunt
637 5167 721 5233 euim
736 5165 826 5232 Libri
841 5175 879 5242 43
895 5185 1030 5252 quorum
1044 5163 1182 5240 ultimus,
1198 5162 1239 5226 de
1255 5160 1472 5240 Matrimonio,
1488 5159 1584 5226 hebet
1599 5159 1705 5226 titulos
1721 5168 1774 5228 25.

601 5281 641 5346 In
656 5280 719 5344 fine
733 5278 806 5342 libri
820 5277 1027 5364 subjiciuntur
1043 5275 1178 5340 Tabuloe
1192 5287 1272 5338 tres:

546 5427 574 5483 l.
597 5415 630 5482 T
632 5435 810 5481 rrumnunr
827 5415 964 5480 Sursum
981 5413 1178 5490 Rnruuunr,
1201 5432 1273 5476 cum
1288 5409 1485 5495 singulorum
1501 5409 1788 5499 Parsgrrphorum‚
1811 5411 1876 5478 sive
1892 5411 2034 5479 Section

644 5547 708 5604 run,
727 5523 885 5590 Exordiis.

545 5669 576 5726 2.
600 5661 835 5726 Srnruronurr
851 5677 1057 5724 scurronum
1073 5657 1211 5722 Sursum
1226 5657 1460 5738 confessorum,
1482 5681 1523 5724 ex
1536 5657 1619 5724 libro
1634 5669 1723 5724 sexto
1738 5656 1952 5740 Decretalipm
1969 5656 2035 5724 Bo-

643 5771 745 5858 nifacij
764 5771 860 5856 Pape.
1750 5771 1832 5838 Sunt
1845 5769 1921 5835 folio
1939 5778 1990 5835 lo.

545 5915 575 5972 3.
599 5904 731 5969 Reaurr
748 5925 786 5969 ru
800 5925 888 5970 roro
904 5926 973 5971 noc
988 5923 1099 5972 orsae
1114 5925 1371 5972 courrnrsnuu
1386 5905 1601 5992 alphabetico:
1624 5906 1847 5992 copiosissima,
1864 5904 1944 5970 foliis
1960 5913 2011 5970 36.

605 6013 747 6099 Scriptus
761 6027 809 6078 est
826 6013 879 6080 hic
895 6015 1007 6084 Codex
1021 6015 1113 6082 lineis
1126 6015 1253 6091 divisis:
1275 6014 1372 6083 literis
1387 6016 1606 6096 mediocribus,
1623 6019 1825 6094 acuminatis3
1848 6029 1922 6082 ante
1934 6037 2038 6082 annos

645 6124 770 6191 circiter
784 6135 860 6192 400.
