4592 7850
63 1519 102 1595 C.
117 1517 185 1592 IV.
197 1523 257 1593 22.
284 1513 475 1594 Bousrus.
526 1513 737 1616 Lsuuuau.
785 1507 1008 1593 diuisurus.

61 1615 176 1668 numu
282 1676 311 1734 1.
335 1663 459 1731 Nicolai
476 1663 602 1744 Boneti,
620 1665 751 1731 Ordinis
769 1666 888 1732 Fratris
905 1667 1080 1745 Minorum,
1098 1661 1321 1753 Metaphysioa
1334 1664 1422 1731 libris
1440 1675 1491 1733 10.

338 1779 391 1846 Sic
405 1777 534 1864 incipit:
560 1777 713 1844 “Omnes
727 1777 881 1856 homines,
897 1779 962 1843 imo
977 1801 1086 1845 omnes
1101 1791 1216 1844 notura
1230 1777 1433 1860 [forta-ro]
1448 1779 1738 1848 intellectuales'’-

338 1890 465 1956 Titulus
480 1913 499 1954 a
512 1889 614 1976 primi
629 1911 725 1954 mauu
741 1891 774 1954 in
788 1891 853 1956 line
866 1891 940 1956 libri
954 1891 1171 1956 subscribitur.

337 2003 437 2088 Liber
451 2003 518 2088 ipse
532 2001 642 2087 implet
655 2001 730 2066 folia
744 2011 803 2070 84:
827 2003 932 2070 Index
949 2004 1099 2090 Cupitum
1112 2003 1210 2070 babet
1222 2001 1298 2068 tolia
1311 2010 1343 2068 4.

331 2114 439 2201 Hujus
465 2113 634 2200 Scriptoris
658 2135 774 2178 nomeu
796 2114 908 2180 nullibi
926 2116 1063 2180 invenio.
1107 2114 1142 2181 Si
1153 2115 1279 2204 Anglus
1289 2114 1358 2194 fiat,
1373 2114 1526 2182 bobcmtu
1545 2137 1609 2206 quo
1623 2111 1772 2201 laelandi,

382 2227 493 2306 Balui,
511 2226 608 2292 Pitsei
624 2225 831 2294 Bibliotheca:
844 2228 985 2314 suppleri
999 2229 1130 2314 possint.

280 2370 311 2428 1.
336 2361 465 2428 Ricardi
481 2361 659 2441 Lannbam,
677 2363 808 2428 Ordinis
825 2363 1077 2443 Carmelitarum,
1102 2363 1291 2450 Speculum:
1313 2362 1373 2444 vol,
1391 2362 1597 2452 Pbiloeopb'm
1609 2369 1772 2450 uturalis,

367 2474 417 2539 vel
434 2473 569 2552 Phisicu⁹
585 2473 673 2538 libris
689 2483 719 2540 8.

337 2585 467 2652 Titulus
481 2585 588 2651 nullus
601 2585 685 2652 libro
698 2585 774 2652 huic
790 2587 983 2676 praeligitur:
1005 2587 1063 2652 sad
1077 2597 1124 2651 tut
1138 2586 1242 2652 modis
1255 2599 1384 2654 vocatur
1398 2589 1433 2653 in
1446 2587 1602 2654 librorum
1614 2591 1772 2657 claustrlis.

344 2698 398 2764 Sic
413 2699 542 2784 incipit:
568 2699 684 2764 “Cum
698 2699 801 2762 omnis
816 2699 946 2764 scientia
958 2721 1069 2764 osusas
1083 2697 1268 2764 habeus'·

341 2810 450 2898 Hujus
466 2811 635 2899 scriptoris
657 2811 803 2898 (Ricardi
814 2811 1023 2894 Inveubami)
1043 2811 1141 2876 libros
1155 2813 1262 2898 pluras
1277 2823 1441 2878 moensout
1456 2813 1629 2893 aalaidis,
1647 2811 1775 2892 Bulous,

386 2923 521 2988 Pitseus.
567 2923 717 2989 Mortuus
731 2938 779 2988 est
794 2924 881 2990 ΑΔ).
900 2933 994 2990 1383.

343 3035 538 3116 Lavcnbam,
565 3038 631 3102 sive
655 3037 813 3103 Lainbam
837 3035 935 3123 (unde
957 3057 1073 3102 nomon
1099 3037 1231 3102 mxima
1253 3037 1390 3120 videtur)
1413 3039 1548 3128 ostagii
1563 3037 1779 3104 Suffolcionsis

384 3147 562 3234 opidulum.

343 3259 419 3337 Quo
434 3271 575 3345 temporo
592 3259 704 3325 Codex
725 3259 777 3324 hio
791 3258 966 3343 descriptus
986 3258 1090 3336 fucrit,
1107 3257 1224 3323 indicat
1238 3271 1314 3324 noto
1327 3259 1360 3322 in
1376 3260 1439 3324 lino
1454 3258 1526 3324 libri
1543 3259 1587 3327 ³⁶¹
1600 3257 1758 3346 adscripta
1770 3283 1780 3325 r

388 3381 410 3414 “
426 3372 567 3457 Explicit
579 3371 660 3435 liber
674 3371 783 3435 tertius
800 3369 927 3454 Speculi
942 3369 1103 3446 naturalis,
1121 3370 1254 3454 scriptus
1270 3371 1303 3434 in
1321 3369 1487 3436 Provincisl
1499 3373 1625 3460 Anglie,
1642 3374 1674 3434 in
1691 3373 1778 3436 Con-

386 3491 409 3526 “
422 3495 518 3548 ventu
535 3481 733 3560 Stamfordic‚
755 3503 814 3567 per
829 3502 957 3544 manum
972 3480 1075 3544 fratris
1093 3479 1231 3545 Rolandi
1246 3481 1286 3545 dc
1306 3480 1425 3546 Heulla
1439 3481 1579 3562 [Houllt
1596 3483 1628 3546 in
1644 3483 1726 3547 libro
1741 3485 1780 3565 5]

387 3605 410 3638 “
426 3594 606 3672 Carmelite,
633 3593 721 3659 A.D.
737 3602 777 3658 ῑῑ
790 3599 872 3654 ὀἵδέ
891 3598 973 3662 iiix]
992 3604 1024 3657 et
1044 3593 1160 3657 mensis
1182 3593 1268 3679 Junij
1293 3591 1345 3657 die
1365 3593 1504 3658 ultimi?
1551 3594 1677 3660 Primus
1700 3594 1781 3660 liber

386 3706 549 3771 absolutus
564 3717 612 3768 est
627 3705 720 3790 April
736 3713 767 3770 9.

344 3817 386 3883 In
402 3816 525 3882 Boneto
540 3816 695 3901 scriptura
709 3815 818 3880 similis
832 3827 889 3894 est,
913 3827 945 3880 et
964 3811 1104 3901 ejusdcm
1119 3815 1230 3880 aetatis.
1275 3811 1385 3881 Lineae
1400 3815 1532 3904 integrm
1546 3829 1639 3883 sunt:
1661 3813 1780 3884 Litcrae

387 3951 504 4014 parvm,
521 3927 662 3992 cursivae.

347 4041 438 4106 Folia
451 4061 584 4105 numero
600 4049 642 4106 50
657 4050 740 4104 sunt.

289 4186 320 4242 8.
343 4177 499 4242 Amnum
525 4173 650 4240 Macnr
672 4193 776 4240 amun
791 4195 835 4240 ua
859 4169 1006 4242 Narona
1029 4171 1127 4252 Locr,
1151 4193 1194 4238 nr
1217 4171 1463 4240 insumuntur
1486 4193 1530 4241 rr
1552 4171 1774 4248 Lanuuinus

389 4305 557 4352 mussan.

344 4396 445 4463 Liber
459 4397 492 4460 in
507 4395 596 4459 initio
611 4394 811 4480 imperfectus
826 4403 892 4458 est:
916 4393 972 4458 scd
986 4392 1039 4457 hic
1053 4391 1162 4458 titulus
1177 4391 1210 4456 in
1225 4393 1289 4457 fine
1303 4392 1502 4460 adscribitur.

344 4507 533 4593 Descriptus
547 4518 595 4572 est
608 4502 857 4592 por'Ricardum
873 4503 1050 4592 Shyrborm
1068 4503 1267 4570 Monachum
1282 4503 1547 4572 Dunalmensem.

287 4653 319 4709 4.
342 4643 498 4710 Ausum
514 4663 618 4708 arara
634 4661 677 4708 ns
694 4661 846 4707 morinus
862 4641 1085 4706 Aurumrun.

345 4757 399 4822 Sic
413 4755 541 4842 incipit:
567 4753 743 4840 “Tempus
757 4765 790 4818 ct
804 4753 897 4818 Ordo
911 4752 1177 4838 expouulmc’-

290 4901 320 4960 5.
344 4895 499 4960 Auram
517 4913 560 4957 nr.
578 4893 721 4958 Srrnrru
737 4911 780 4954 sn
797 4891 1055 4956 Rnsrrnarroun
1072 4907 1167 4954 mam
1184 4897 1215 4954 2.

345 5007 399 5072 Sic
411 5007 584 5092 incipiunt:
609 5013 631 5046 “
644 5002 751 5068 Multa
764 5015 839 5068 sunt
852 5002 1063 5066 animalis'’-

286 5153 317 5209 6.
340 5143 542 5209 Tareninus
557 5159 773 5207 unrmrssrus
797 5159 840 5204 nn
856 5142 909 5205 r‘o
924 5141 1002 5204 rtuo
1025 5143 1151 5220 [raino
1165 5135 1360 5219 rnrncmo]
1382 5155 1426 5202 nr
1440 5149 1522 5203 rsus
1536 5149 1780 5205 morituram·

387 5273 461 5320 uus.

344 5365 472 5432 Titulus
486 5367 539 5430 hic
552 5366 667 5454 legitur
681 5365 713 5429 in
727 5364 872 5430 Indiculo
881 5375 1081 5428 tractatuum.
1126 5361 1296 5428 Truentus
1309 5361 1377 5448 ipsc
1392 5360 1513 5426 nullum
1528 5355 1665 5426 hobetin
1680 5361 1780 5442 initio,

387 5479 466 5545 etin
481 5477 545 5542 fine
566 5477 765 5564 imperfectus
781 5489 835 5542 est.
883 5475 1043 5541 Coeterum
1058 5474 1135 5562 quid
1151 5475 1210 5539 sibi
1224 5473 1299 5538 velit
1313 5493 1376 5538 vox
1391 5472 1530 5538 secunda
1544 5464 1668 5550 nuno:
1690 5491 1780 5540 orror

386 5589 512 5656 videtur
526 5613 594 5656 esse
608 5591 719 5678 aliquis
734 5590 868 5654 scribae:
889 5588 989 5654 voluit
1003 5587 1133 5652 fortusse
1148 5587 1254 5653 dicere
1265 5587 1519 5654 notabilissimus.

346 5705 400 5772 Sic
419 5704 548 5790 incipit:
572 5703 747 5769 “Pr-iminn
773 5715 804 5768 et
820 5707 878 5766 so’
894 5699 1000 5782 [forto
1027 5700 1146 5782 solum]
1168 5721 1296 5766 necesse
1316 5711 1364 5766 ast
1385 5721 1454 5766 esse
1473 5700 1605 5766 omnino
1625 5711 1658 5764 et
1678 5699 1780 5764 omni·

376 5825 398 5859 “
412 5817 537 5883 modtss’

347 5932 430 5997 Sunt
443 5929 518 5995 folia
536 5936 585 5998 17.

346 6066 428 6132 Tres
449 6065 484 6130 hi
507 6075 656 6129 tractatus
679 6063 719 6128 ab
741 6064 852 6129 eodem
870 6063 1009 6128 Ricardo
1026 6061 1190 6150 Shyrborn
1213 6064 1320 6151 scripti
1335 6075 1417 6142 sunt,
1441 6075 1473 6130 et
1487 6060 1597 6130 cidem
1612 6069 1704 6128 aetato
1718 6057 1780 6146 quis

296 6185 358 6244 ΙΝ·
372 6190 404 6244 et
418 6177 493 6244 2⁰¹⁸:
517 6174 572 6243 scd
588 6175 631 6243 ita
644 6173 726 6244 moli
741 6187 776 6242 ut
793 6175 844 6242 vix
858 6173 921 6264 legi
935 6173 1066 6262 possint.

954 6296 973 6351 8
996 6307 1022 6350 rr
