4630 7860
497 1050 554 1126 26»
1002 1067 1159 1122 comeus
1184 1065 1439 1120 usuuscmrrr

260 1273 440 1358 A.111.9.
490 1273 750 1349 Dunelmensem,
766 1283 798 1336 et
813 1268 986 1336 Ecclesiam
1001 1269 1041 1334 de
1057 1269 1280 1358 coldingham,
1303 1289 1397 1354 super
1412 1265 1634 1334 Jurisdictione
1655 1265 1688 1330 in
1705 1266 1862 1334 Ecclesias
1884 1293 1977 1358 quas·

271 1373 389 1462 ffillssn
492 1385 566 1450 darn
580 1385 621 1450 ad
638 1381 848 1470 Coldingham
862 1380 1063 1466 pertinentes,
1079 1379 1119 1444 de
1134 1381 1195 1468 qud
1213 1379 1383 1445 Contentio
1397 1379 1546 1442 intereos
1561 1389 1630 1442 orta
1644 1375 1753 1443 brerat.

536 1501 578 1564 N.
591 1499 628 1563 B.
654 1495 939 1583 Coldingharuense
956 1494 1187 1560 Monesterium
1209 1496 1242 1558 iu
1259 1495 1363 1560 Scotirl
1378 1516 1442 1558 non
1457 1493 1568 1579 procul
1583 1493 1623 1556 eb
1638 1494 1775 1580 Anglico
1789 1495 1899 1578 limite,
1920 1522 1978 1584 po.

491 1612 595 1688 situm,
613 1607 837 1674 Duuelmensis
855 1604 998 1690 Coenobij
1018 1605 1108 1670 Cella
1122 1604 1190 1668 fuit.

535 1719 573 1784 ln
588 1720 677 1784 initio
691 1719 782 1784 libri:
809 1727 830 1760 “
846 1717 944 1782 Liber
960 1717 1013 1782 soi
1030 1716 1161 1781 Cuthbti
1175 1715 1216 1781 de
1230 1715 1382 1782 Dunelffi.
1397 1715 1438 1780 de
1451 1715 1482 1780 le
1499 1715 1752 1801 Splendement.”

409 1991 467 2058 10.
494 1983 701 2058 Psnarnrus
719 1981 816 2054 Pnns
834 2004 1019 2054 oaossnrn
1039 1983 1083 2079 [a
1100 1977 1243 2052 Psalmo
1261 1983 1309 2052 80
1326 1977 1373 2051 ad
1389 1977 1534 2074 linem]

538 2108 653 2174 Glossa
668 2105 786 2170 Textui
801 2105 944 2168 immixta
965 2117 996 2168 et
1018 2103 1206 2188 interspersa
1220 2114 1286 2179 est;
1313 2101 1513 2190 singuldsque
1531 2101 1716 2180 Sententiae,
1740 2117 1770 2167 et
1786 2127 1869 2192 soepe
1883 2109 1978 2174 etiam

493 2220 655 2296 dictiones,
671 2216 849 2282 immediate
864 2216 1012 2302 sequitur.
1058 2214 1171 2279 Multis
1186 2215 1218 2277 in
1234 2215 1310 2278 locis
1326 2213 1440 2278 Glossi
1453 2213 1589 2302 Vulgatri
1605 2214 1728 2302 longior
1737 2229 1793 2295 est,
1809 2219 1978 2306 aliquando

493 2333 587 2396 etiam
602 2331 743 2408 brevior3
760 2329 816 2395 sed
830 2330 927 2394 multa
943 2329 1066 2416 utrique
1081 2341 1154 2392 sunt
1168 2327 1354 2406 communia,
1378 2339 1413 2392 ut
1427 2349 1467 2392 ex
1482 2326 1594 2391 eodem
1609 2327 1694 2392 fonte
1708 2329 1836 2396 fluxisse
1850 2334 1978 2399 videan-

492 2455 554 2508 tur.

539 2555 704 2640 Specimen
719 2555 812 2640 hujus
836 2535 960 2619 Glossoe
982 2553 1160 2640 subjiciam:
1186 2551 1367 2618 “Exultate
1382 2551 1464 2616 Deo.
1489 2550 1632 2616 Titulus:
1657 2551 1695 2615 In
1711 2551 1817 2632 finem,
1840 2577 1900 2640 pro
1915 2569 1981 2622 tor·

495 2675 517 2708 ‘⁶
531 2666 698 2743 sularibus,
717 2665 860 2730 Psalmus
877 2665 934 2750 ipsi
951 2663 1071 2750 Asoph,
1095 2665 1202 2752 quintii
1221 2663 1381 2729 Sabbathi.
1428 2663 1550 2739 Quinto
1564 2663 1615 2726 die
1631 2677 1734 2727 creata
1749 2678 1822 2729 sunt
1836 2667 1876 2732 de
1891 2670 1979 2756 aquis

493 2786 516 2820 ‘⁴
531 2777 676 2854 volatilia,
693 2789 786 2862 atque
801 2775 960 2851 natantia;
974 2795 1031 2858 per
1042 2773 1127 2859 quod
1140 2773 1322 2859 intelligitur
1335 2775 1570 2836 Sacramentum
1584 2771 1767 2856 Baptismi.''
1792 2776 1869 2839 Post
1882 2777 1981 2844 lineas

497 2897 518 2930 ‘⁶
535 2879 575 2956 2'7
592 2889 751 2974 sequitur:
777 2895 798 2926 “
808 2885 957 2960 Exultqte
972 2907 1027 2947 vos
1042 2906 1124 2960 aves,
1141 2885 1259 2959 vinum,
1275 2895 1306 2946 et
1317 2883 1431 2958 oleum,
1448 2904 1511 2944 non
1524 2881 1651 2968 quidem
1668 2881 1794 2948 Mundo
1809 2885 1980 2972 deceptori,

497 3007 519 3042 “
533 3000 613 3064 sicut
634 2999 696 3084 alij,
722 2997 776 3060 sed
792 2997 864 3061 Deo
880 2995 1013 3081 adjutori
1028 3007 1146 3058 nostro.
1192 2993 1288 3070 Quod
1311 2993 1336 3056 si
1357 2993 1459 3057 verbis
1482 2993 1638 3078 explicare
1660 3015 1724 3056 non
1746 2999 1874 3079 potestis
1898 3001 1982 3064 unde

497 3117 519 3154 ‘⁶
533 3109 686 3199 gaudetis,
711 3121 815 3172 tamen
833 3107 965 3194 jubilate
991 3106 1064 3170 Deo
1078 3105 1189 3182 Jacob,
1213 3105 1287 3191 quia
1302 3127 1356 3169 vos
1372 3127 1496 3191 quoque
1511 3105 1583 3168 estis
1598 3104 1708 3183 Jacob,
1732 3106 1752 3169 i.
1765 3128 1792 3171 e.
1808 3109 1911 3172 minor
1925 3133 1983 3196 po-

498 3231 519 3264 “
534 3221 637 3308 pulus,
653 3219 703 3283 cui
719 3219 812 3282 servit
827 3218 944 3302 majoff'
959 3218 1017 3280 &a

541 3333 682 3419 Scriptus
704 3341 751 3394 est
776 3328 827 3392 hic
855 3327 966 3392 Codex
991 3325 1132 3412 pulchre,
1158 3325 1256 3391 literis
1278 3326 1431 3404 rotundis,
1458 3326 1637 3412 majoribus,
1661 3339 1836 3392 atramento
1861 3331 1982 3412 nitenti,

496 3445 587 3512 lineis
602 3446 634 3508 in
649 3441 754 3508 medio
768 3441 841 3504 lolio
857 3439 972 3504 divisis.
1029 3438 1152 3502 Textus
1168 3439 1367 3502 Psalmorum
1382 3439 1489 3515 minio,
1507 3438 1623 3502 Glossa
1637 3450 1812 3503 atramento
1827 3456 1982 3512 exaratur.

543 3557 581 3622 In
596 3555 698 3620 fronte
712 3553 802 3616 libri:
828 3560 849 3592 “
861 3551 932 3614 Lib.
950 3550 1001 3614 sci
1019 3549 1149 3615 Cuthtti
1164 3549 1204 3614 de
1219 3550 1413 3614 Dunelmo.''
1459 3549 1562 3614 Manu
1577 3551 1636 3636 ipsi
1650 3549 1732 3614 libro
1747 3553 1878 3640 requali;
1899 3557 1983 3620 unde

381 3691 384 3698 ⁴
497 3669 609 3755 conjici
624 3677 727 3753 potest
741 3667 773 3728 in
788 3663 849 3727 hoc
866 3662 1062 3726 Monosterio
1079 3662 1237 3747 Scriptum
1252 3661 1355 3726 fuisse.

545 3783 726 3866 Sequuntur
743 3775 884 3840 Psalmos
897 3773 1021 3860 Hynmi
1038 3771 1161 3850 Biblici,
1178 3784 1208 3836 et
1226 3772 1436 3852 Precationes,
1453 3785 1607 3860 quotquot
1627 3774 1661 3838 in
1676 3773 1785 3840 Veteri
1800 3775 1984 3844 Testamen-

500 3908 534 3961 to
548 3895 707 3984 leguntur,
721 3913 792 3956 cum
807 3888 900 3954 simili
916 3886 1049 3953 Glossi:
1072 3886 1112 3950 ab
1127 3885 1236 3951 eadem
1251 3909 1356 3950 manu.

421 4167 477 4233 11.
505 4157 733 4230 Tuncrrrus
753 4159 810 4238 17,
829 4175 851 4223 a
867 4149 973 4223 variis
991 4147 1134 4234 Scribis,
1153 4165 1192 4221 et
1208 4147 1356 4222 diversis
1372 4149 1539 4222 aetatibus
1557 4149 1699 4247 Scripti.

506 4314 533 4372 1.
558 4305 794 4368 Paunrnnrsrs
811 4319 847 4362 ru
865 4297 1096 4362 Postremum.

560 4413 686 4479 Titulus
700 4411 752 4475 hic
767 4423 814 4474 est
828 4433 847 4472 a
861 4430 957 4472 manu
973 4405 1053 4472 Eliae
1071 4405 1183 4482 Smith‚
1198 4404 1291 4491 hujus
1307 4404 1458 4470 Ecclesiae
1471 4405 1678 4470 Praecentoris
1693 4421 1724 4472 et
1742 4407 1984 4500 bibliothecarij,

517 4516 521 4525 ¹
603 4548 653 4590 an.
673 4530 754 4591 1677
771 4521 918 4586 defuncti.
964 4519 1022 4584 Est
1037 4529 1141 4582 autem
1157 4516 1418 4594 Commentarius,
1442 4517 1556 4604 magni
1571 4539 1611 4581 ex
1626 4532 1714 4602 parte
1736 4521 1931 4608 allegoricus,
1953 4527 1986 4590 in

605 4637 747 4703 Psalnros
762 4635 883 4720 priores
900 4640 950 4711 79,
968 4646 999 4696 et
1013 4645 1134 4716 partem
1150 4630 1236 4696 80³⁰.
1283 4628 1348 4695 Pro
1364 4629 1551 4694 Praesatione
1565 4631 1740 4720 praefigitur
1757 4634 1986 4702 Commentario

603 4747 748 4837 quiedam
769 4747 802 4810 ln
830 4745 965 4810 Versum
992 4752 1067 4808 11¹¹¹n
1091 4742 1211 4828 Capitis
1227 4742 1274 4807 8²¹¹
1297 4741 1389 4806 Cant
1450 4750 1472 4782 “
1487 4741 1683 4830 Egredimini
1704 4743 1778 4808 fitae
1802 4747 1987 4834 Sijon-Ad

606 4869 628 4902 ‘¹‘
642 4883 707 4938 vos,
723 4858 782 4922 viri
796 4856 920 4932 literati,
936 4867 968 4918 et
979 4851 1220 4937 contemplativi,
1240 4873 1343 4916 sermo
1357 4852 1415 4916 iste
1426 4851 1600 4939 dirigitur.”
1635 4852 1778 4918 Psalmus
1797 4865 1838 4920 1¹¹·
1852 4858 1896 4921 sic
1912 4859 1989 4924 inci·

607 4979 628 5012 ‘⁶
642 4971 706 5057 pit:
732 4968 881 5032 “Beatus
897 4963 1109 5040 Vir-Quare
1120 4983 1197 5050 ergo
1208 4961 1252 5026 sic
1263 4962 1441 5026 ordinatum
1453 4961 1525 5026 est?
1569 4962 1667 5038 Quod
1678 4987 1716 5028 eo
1730 4965 1841 5030 ordine
1852 4991 1915 5054 quo
1930 4970 1989 5036 ista

605 5091 627 5128 ⁴⁶
641 5084 768 5148 luerunt
781 5081 814 5144 in
828 5081 931 5166 primo
946 5077 1082 5154 homine,
1098 5075 1288 5140 removenda
1301 5073 1428 5139 firerunt
1442 5098 1461 5139 a
1475 5076 1676 5140 secund0”-

564 5195 700 5282 Reliqua
713 5193 785 5258 libri
799 5215 872 5278 pars
887 5203 958 5276 post
975 5188 1134 5254 Psalmum
1151 5195 1192 5255 79
1208 5185 1333 5250 interiit

565 5309 707 5394 Scriptus
722 5319 770 5370 est
783 5303 835 5368 hic
851 5303 964 5368 Codex
978 5299 1076 5364 literis
1090 5297 1254 5384 paululrlm
1269 5297 1461 5377 acuminatis,
1477 5299 1615 5379 minutis,
1631 5301 1712 5366 bene
1725 5301 1884 5370 fomratis:
1900 5307 1989 5372 lineis

606 5420 639 5482 in
654 5417 759 5482 medio
775 5416 901 5492 divisis3
924 5426 996 5478 ante
1011 5432 1110 5476 annos
1126 5411 1249 5476 circiter
1265 5419 1338 5477 500.
1955 5483 1956 5486 Ἴ

510 5563 537 5620 1.
561 5549 647 5617 Nota
661 5553 692 5615 in
707 5553 807 5638 primi
823 5551 937 5638 pagini
959 5547 1116 5634 adscripta
1129 5546 1274 5626 ostendit,
1298 5568 1370 5612 eum
1384 5545 1477 5612 luisse
1498 5546 1515 5612 ὲ
1540 5555 1561 5590 “
1571 5546 1715 5614 Librarii
1730 5549 1811 5612 infra
1826 5549 1989 5635 Capellam

609 5670 631 5703 “
647 5662 765 5727 Prioris
781 5659 952 5726 Dunelffi.”

567 5772 684 5858 Implet
697 5771 771 5835 solia
787 5781 837 5837 88.

510 5925 540 5981 2.
565 5913 680 5980 Gaosu
697 5931 804 5976 suren
819 5910 928 5974 Jonu.
974 5907 1043 5972 Fol.
1060 5915 1127 5972 89.-

568 6023 684 6091 Glossa
699 6021 816 6087 Textui
831 6019 971 6084 immixta
985 6027 1041 6082 est.

569 6133 717 6203 Praefatio
732 6137 781 6218 (ut
794 6132 828 6197 in
841 6129 986 6210 Psalmis)
1001 6125 1111 6214 incipit
1123 6149 1143 6191 a
1157 6125 1309 6194 versiculo
1320 6125 1443 6194 Cantici
1453 6127 1547 6195 Cant.
1575 6127 1670 6216 (Cap.
1684 6136 1713 6201 7.
1728 6151 1757 6197 v.
1776 6134 1839 6216 12)
1878 6144 1900 6180 u
1912 6137 1993 6208 om,
