4592 7850
485 1157 562 1228 280
998 1171 1156 1226 courcss
1179 1171 1433 1226 ιιιιιιιιοιιιπι

235 1365 425 1446 C.Ill.4.
531 1369 1949 1462 AliasunrhaDeeretuaabnsqr-aatmmmmnltmutouttmdspoetae.

259 1463 349 1504 '⁰¹³⁰‘
528 1483 1239 1572 Seriptrrmeadneacampreoedaatrbua

466 1659 495 1714 8.
519 1645 731 1714 Iusocsnrrr
748 1643 838 1712 Pars
856 1645 899 1712 t*
920 1643 1166 1713 Errsromaurr
1181 1643 1436 1712 Dscaarnuruu
1458 1667 1553 1712 maur
1572 1657 1591 1714 5
1607 1667 1680 1713 cun
1697 1647 1829 1718 Gaossa
1846 1649 1945 1716 Maa-

524 1779 643 1824 ornam
660 1757 841 1824 Tartenum
859 1755 1107 1824 Bosonransrs.

525 1871 578 1936 Sic
602 1869 774 1955 incipiunt:
800 1867 1035 1934 “Innocentius
1048 1907 1179 1922 -—
1196 1869 1359 1936 Universis
1375 1867 1537 1958 Magistris
1559 1883 1591 1935 et
1607 1870 1785 1938 Scolaribus
1802 1873 1946 1943 Bononia

566 1981 867 2048 “commorantibus
886 1980 1062 2046 salutem-
1105 1980 1274 2046 Derotioni
1296 1995 1397 2046 vestre
1420 1981 1628 2048 insinuatione
1648 1985 1839 2069 presentium
1854 1987 1946 2050 inno-

566 2101 709 2172 “tescat
734 2091 917 2158 Decretales
941 2089 1100 2178 Epawtu
1119 2111 1139 2156 a
1160 2089 1276 2158 dilecto
1297 2089 1363 2156 filio
1388 2091 1506 2180 Magro
1529 2093 1672 2178 P.[etro]
1694 2096 1895 2222 subdiacono
1914 2111 1946 2165 et

568 2203 740 2269 “Notario
752 2215 861 2268 nostro
876 2201 1076 2288 compilatas”
1078 2239 1121 2253 -

524 2315 577 2382 De
591 2314 653 2380 boc
670 2315 765 2380 Petro
781 2314 851 2378 ride
865 2313 961 2400 paulo
976 2311 1056 2378 iufra
1070 2335 1157 2378 num.
1180 2314 1241 2398 (6.)

525 2428 649 2495 Glossae
670 2427 792 2513 hujus
784 2427 917 2502 mitium,
943 2425 1029 2514 quod
1052 2424 1268 2492 Decretalium
1293 2425 1486 2494 collectores
1512 2429 1567 2516 qui
1587 2428 1715 2496 fueram
1735 2429 1862 2510 indicet,
1884 2351 1946 2497 bue

567 2539 775 2604 transcribere
789 2559 894 2622 operae
909 2537 1045 2622 pretium
1059 2535 1161 2600 fuerit

430 2713 432 2718 ,
468 2651 551 2737 (1)*
553 2649 652 2714 ‘Post
673 2649 925 2735 compilationem
948 2647 1156 2713 Decretorum
1174 2646 1287 2712 factam
1302 2671 1322 2712 a
1345 2647 1509 2728 Gratiano,
1536 2651 1634 2716 multe
1655 2649 1834 2719 alternant
1851 2651 1947 2720 Curia

469 2765 517 2848 (2)
571 2770 593 2804 “
608 2759 791 2826 Decretales
807 2757 958 2846 Epistola
979 2773 1220 2824 emanaverunt:
1244 2783 1321 2848 quas
1343 2759 1497 2850 Magister
1514 2761 1705 2842 Bernardus,
1728 2777 1803 2830 tunc
1820 2764 1948 2851 Prrepo-

569 2881 591 2916 “
605 2873 692 2952 situs,
728 2871 929 2958 postmodum
961 2871 1137 2958 Episcopus
1165 2871 1358 2948 Parisiensis,
1395 2871 1435 2936 ad
1468 2873 1668 2938 Studeutium
1699 2873 1863 2940 utilitatem
1888 2875 1946 2940 sub

568 2982 856 3070 “competentibus
878 2981 974 3046 titulis
997 2981 1178 3058 collocarit3
1205 2993 1237 3048 et
1258 2996 1388 3047 vocatur
1413 2983 1603 3069 Compilatio
1625 2985 1737 3070 prima.
1783 2985 1860 3050 Post
1881 2985 1948 3050 illa-

465 3096 516 3182 (8)
568 3101 589 3138 “
604 3116 676 3160 rum
697 3093 948 3180 compilationem
971 3092 1107 3180 quedam
1128 3091 1189 3158 alia
1210 3091 1395 3158 Decretales
1416 3118 1436 3158 a
1460 3094 1591 3162 diversis
1611 3095 1803 3182 Apostolicis
1823 3119 1948 3164 emana-

569 3215 591 3248 “
605 3219 726 3283 rerunt,
750 3227 826 3292 quas
843 3204 998 3294 Magister
1019 3203 1200 3270 Gilebertus
1221 3203 1262 3268 ad
1282 3205 1380 3270 instar
1398 3207 1500 3291 prime
1521 3207 1751 3294 compilationis
1770 3209 1829 3276 rub
1850 3211 1947 3276 titulis

570 3324 592 3358 “
607 3315 780 3381 collocavit.

467 3429 515 3514 (t)
568 3436 589 3470 ‘⁸
606 3427 682 3492 Post
697 3427 784 3492 illum
801 3425 956 3515 Magister
981 3425 1101 3492 Alanus
1115 3447 1205 3492 stram
1219 3427 1360 3492 similiter
1375 3427 1627 3518 compilationem
1640 3429 1751 3498 effecit

465 3542 514 3625 (5)
538 3537 720 3604 “Tandem
748 3537 904 3627 Magister
935 3535 1117 3604 Bernardus
1152 3537 1424 3624 compostellanus
1447 3537 1707 3621 Archidiaconus,
1740 3543 1773 3608 in
1801 3543 1948 3614 Romanii

569 3657 590 3692 “
606 3648 702 3714 Curii
718 3671 837 3713 moram
860 3649 974 3714 faciens
995 3650 1197 3737 aliquantam,
1220 3649 1260 3714 de
1278 3651 1431 3739 Registris
1454 3653 1586 3718 Domini
1608 3653 1695 3740 Pape
1711 3654 1886 3744 Inmocentij
1904 3658 1949 3724 3⁶⁸

569 3770 591 3803 “
606 3783 700 3826 unarn
714 3761 786 3826 lecit
801 3763 1062 3848 compilationem,
1083 3785 1179 3850 quam
1195 3761 1340 3828 Bononie
1354 3764 1482 3830 studens
1505 3764 1542 3844 [l.
1558 3763 1746 3848 studentes}
1770 3767 1948 3836 maenam

570 3883 591 3916 ‘⁶
605 3873 856 3959 compilationem
871 3873 1030 3961 aliquanto
1045 3887 1186 3960 tempore
1201 3889 1399 3938 vocaremnt.
1444 3874 1574 3952 Verum,
1590 3875 1676 3962 quod
1690 3877 1732 3942 ad
1746 3877 1847 3962 ipsam
1861 3902 1946 3945 com·

568 3992 591 4026 ‘⁶
604 3983 796 4070 pilationem,
811 3984 945 4072 quedam
960 3985 1196 4070 reperiebantur
1208 3983 1401 4064 Decretales,
1417 4009 1494 4072 quas
1508 3985 1653 4052 Romana
1663 3988 1761 4054 Curia
1775 3989 1946 4071 refutabat3

567 4105 589 4138 ‘⁶
603 4097 684 4160 sicut
697 4095 791 4160 hodie
805 4095 940 4183 quedam
955 4111 1028 4161 sunt
1042 4097 1074 4160 in
1090 4095 1245 4176 secundis,
1261 4119 1339 4184 quas
1355 4095 1453 4160 Curia
1467 4096 1535 4184 ipsa
1549 4117 1613 4159 non
1629 4097 1750 4184 recipit

466 4209 514 4293 (6)
530 4215 552 4250 “
568 4207 692 4272 Idcirco
720 4203 817 4270 felicis
848 4203 1072 4270 recordationis
1095 4205 1253 4271 Dominus
1277 4205 1480 4272 innocentius
1512 4203 1600 4292 Papa
1630 4207 1692 4272 3⁶²·
1724 4231 1795 4273 suas
1824 4209 1945 4276 Decre-

567 4325 589 4360 “
603 4317 690 4394 tales,
713 4339 813 4403 usque
827 4316 868 4380 ad
882 4337 1000 4380 annum
1018 4325 1116 4382 ΠΜ
1130 4317 1282 4395 conditas,
1305 4339 1362 4404 per
1383 4315 1575 4406 Magistrum
1599 4317 1727 4383 Petmm
1751 4319 1947 4388 Beneventa-

568 4437 591 4471 “
604 4450 692 4508 num,
709 4425 875 4493 Notarium
889 4449 991 4506 suum,
1008 4429 1040 4492 in
1055 4429 1193 4518 presenti
1208 4451 1304 4515 opere
1314 4429 1496 4518 compilatas
1509 4427 1651 4495 Bononia
1666 4431 1863 4498 studentibus
1878 4434 1949 4500 des·

569 4547 592 4582 ‘⁶
605 4539 725 4604 tinarit

468 4655 516 4739 (7)
534 4661 555 4698 “
570 4651 649 4719 Post
668 4651 792 4718 illarum
814 4649 1026 4739 receptionem
1041 4651 1139 4742 Magr
1153 4651 1315 4722 lohannes
1327 4651 1476 4720 Galensis
1489 4649 1671 4719 Decretaler
1685 4653 1827 4718 omnium
1842 4655 1947 4740 Apos-

568 4773 590 4808 “
603 4763 769 4829 tolicorum
782 4765 836 4854 qui
851 4777 1066 4851 precesserant
1081 4766 1301 4832 Innocentium
1315 4761 1375 4830 dis
1390 4761 1620 4852 compilationis
1636 4762 1789 4830 Gileberti
1804 4776 1837 4828 et
1851 4761 1948 4829 Alani

571 4885 592 4918 ‘⁶
607 4867 746 4942 ex'hens
768 4875 969 4960 [extrahens]
995 4875 1153 4966 quandam
1174 4875 1427 4964 compilationem
1452 4875 1616 4955 ordinarit,
1642 4897 1704 4964 que
1724 4873 1820 4939 bodie
1834 4875 1948 4955 medie,

569 4999 591 5032 ‘⁸
605 4991 670 5054 sive
684 4989 821 5055 secunde
835 4989 1018 5056 Decretales
1032 4989 1189 5057 dicuntur.

526 5109 547 5144 “
563 5101 666 5188 Super
680 5121 813 5189 quarum
828 5099 1086 5188 Erpositionibus
1107 5101 1215 5190 plures
1237 5099 1394 5168 Doctores
1410 5099 1554 5167 Βοιιοιιίε
1578 5099 1692 5166 Glosas
1706 5097 1824 5186 plures,
1846 5097 1949 5164 varias

569 5221 637 5278 “et
650 5211 797 5290 diversas,
813 5223 1010 5299 posuerunt3
1037 5223 1069 5276 et
1085 5213 1266 5298 Apparatus
1280 5211 1387 5298 plures
1402 5233 1496 5297 super
1510 5233 1563 5276 eas
1576 5209 1727 5288 fecerunt,
1743 5221 1837 5297 atque
1852 5210 1950 5294 scrip·

570 5329 724 5388 “serunt

521 5441 543 5478 “
559 5435 601 5501 Et
615 5433 744 5524 quiade
758 5433 849 5500 dictis
866 5434 1079 5522 Apparatibus
1094 5433 1257 5522 opiniones
1270 5431 1470 5498 Studentium
1485 5443 1574 5497 erant
1588 5431 1720 5510 diverse,
1736 5429 1949 5518 sententieque

569 5557 590 5588 ‘⁶
605 5546 752 5626 confuse;
767 5545 885 5612 idcirco
900 5569 960 5636 ego
976 5545 1161 5612 Tancredus
1178 5545 1385 5610 Bononiensis
1402 5543 1581 5610 Canonicus
1598 5541 1705 5607 Sancti
1722 5541 1818 5619 Petri,
1835 5539 1949 5628 qlcun-

568 5665 590 5701 “
605 5681 666 5746 que
680 5659 937 5747 [qualiscunque]
960 5659 1170 5724 Decretorum
1186 5657 1351 5746 Magister,
1375 5655 1415 5720 ad
1429 5654 1560 5719 multam
1581 5653 1761 5718 mannicum
1777 5651 1944 5718 Sociorum

569 5777 590 5809 “
604 5791 757 5849 meorum,
780 5770 910 5836 meliora
924 5781 956 5835 et
970 5769 1094 5836 utiliora
1107 5768 1149 5834 de
1163 5769 1253 5835 dictis
1269 5766 1483 5855 Apparatibus
1496 5763 1658 5855 colligens,
1680 5787 1722 5831 ex
1736 5765 1865 5854 ingenio
1877 5785 1949 5829 meo

568 5879 739 5966 “quedam
762 5880 986 5960 interserendo,
1013 5881 1093 5946 sicut
1113 5901 1154 5945 ex
1180 5877 1277 5968 signis
1303 5878 1496 5966 singularum
1523 5877 1694 5943 Glosarum
1715 5875 1947 5951 demonstrem

568 5997 589 6031 ⁴‘
604 5989 721 6075 primas
736 6003 768 6056 et
782 5991 934 6058 secundas
944 5989 1126 6058 Decretales
1142 5995 1250 6076 (prout
1264 5987 1375 6054 melirls
1389 5988 1493 6074 potui)
1506 5987 1682 6076 glosulam:
1697 5985 1803 6068 [forta
1818 5984 1951 6074 glosavi)

571 6109 593 6142 “
607 6101 662 6167 sed
676 6123 771 6188 super
791 6101 929 6188 presenti
950 6102 1040 6168 tertii
1064 6101 1283 6186 compilatione
1306 6122 1371 6166 non
1395 6102 1591 6185 Apparatum
1612 6097 1691 6174 ieci;
1717 6095 1775 6162 aad
1788 6093 1948 6164 audiendo

574 6220 595 6254 ‘⁴
609 6225 702 6299 amus
716 6211 851 6302 legendo
865 6211 1000 6300 quedam
1021 6213 1054 6278 in
1075 6211 1158 6277 libro
1171 6213 1287 6288 notari.
1332 6212 1405 6290 Que
1422 6211 1565 6278 Scolares
1578 6207 1718 6298 quidam,
1740 6209 1861 6298 absque
1873 6227 1951 6276 mn·
