4640 7842
489 1055 559 1134 198
1008 1073 1162 1130 comens
1189 1071 1443 1127 nsuuscrum

253 1269 296 1345 Β.
312 1269 380 1346 IV.
394 1279 455 1349 20.
583 1275 698 1340 tarius:
721 1271 816 1352 unde,
833 1273 865 1338 in
889 1272 1035 1341 Indiculo
1057 1286 1245 1340 tractatuum
1266 1273 1321 1362 qui
1342 1273 1424 1338 libro
1446 1269 1631 1358 praeligitur,
1655 1281 1786 1338 vocatur
1801 1275 1973 1342 Axiomats
2051 1271 2062 1280 “
2110 1313 2113 1320 »
2138 1261 2142 1268 ’

260 1367 381 1417 ”um
582 1384 719 1475 quedam
734 1385 930 1476 'Ibeologn'ea
944 1411 1017 1454 cum
1034 1387 1279 1454 Commentario.

542 1497 691 1566 Proefatio
705 1498 750 1564 sic
764 1498 892 1586 incipit:
917 1499 1098 1566 “Clemens
1121 1499 1221 1587 Papa,
1243 1501 1333 1587 cujus
1354 1521 1422 1566 rem
1446 1497 1592 1562 Nominis
1613 1511 1646 1564 et
1666 1498 1739 1564 vitoe
1754 1499 1884 1587 subjecti
1899 1521 1972 1566 sen-

587 1617 608 1654 “
622 1609 712 1688 tiant,
736 1623 769 1674 et
794 1622 829 1676 tu
851 1611 1026 1676 aDomino
1047 1613 1344 1700 consequaris’'-·et
1364 1609 1457 1691 infra,
1480 1609 1563 1676 linet
1585 1619 1644 1676 80:
1670 1619 1692 1653 “
1705 1611 1807 1676 Portu
1828 1634 1900 1678 cum
1924 1625 1972 1692 tu,

586 1731 608 1768 “
624 1723 742 1790 Christi
758 1725 912 1803 incurius,
929 1736 961 1790 et
977 1725 1064 1790 Petri
1079 1725 1307 1812 Apostolorum
1322 1723 1512 1810 [Principis]
1528 1743 1689 1787 successor
1703 1724 1810 1788 sis’'-

544 1837 684 1904 Axioma
697 1837 835 1922 primum
850 1847 916 1902 est:
941 1845 963 1878 ‘⁴
974 1835 1137 1926 Quicquid
1151 1851 1199 1904 est
1215 1839 1320 1905 Causa
1335 1837 1450 1916 Canae,
1466 1849 1514 1902 est
1530 1835 1636 1900 Causa
1652 1835 1811 1902 Ceusati.’'

541 1947 712 2013 Axiomata
726 1947 905 2012 scribuntur
930 1945 1027 2012 literis
1049 1949 1145 2034 paulo
1159 1949 1340 2036 majoribus,
1362 1945 1615 2014 Commentarius
1629 1947 1813 2013 minoribus.
1858 1947 1969 2015 Lineoe

584 2057 757 2124 dimidintae
771 2073 864 2126 arnt:
890 2058 1010 2124 Literoe
1023 2061 1219 2125 acuminatoe.
1265 2061 1408 2146 Scriptus
1427 2058 1551 2124 videtur
1574 2057 1647 2123 circ.
1662 2080 1781 2123 annum
1799 2067 1893 2140 1300,
1913 2073 1969 2126 aut

585 2169 680 2234 etiarn
695 2181 784 2235 ante:
809 2183 843 2235 ut
859 2169 1006 2236 Clemens
1024 2169 1112 2256 Papa
1126 2173 1181 2236 4¹³²·
1196 2171 1229 2235 in
1246 2169 1434 2238 Praefab'one
1448 2169 1607 2258 designari
1620 2168 1772 2234 videatur.

485 2340 514 2394 s
538 2328 786 2398 Constantius
802 2351 846 2396 ns
862 2331 1105 2396 Drrrennnms
1122 2331 1282 2397 Srrnrcus
1298 2351 1341 2396 sc
1356 2331 1488 2396 Anius.
1788 2325 1857 2396 Fol.
1873 2341 1925 2398 85.

526 2439 578 2506 Its
592 2454 721 2508 vocatur
735 2443 768 2506 in
783 2441 891 2507 initio:
915 2449 937 2484 ‘⁴
948 2441 988 2506 In
1002 2441 1130 2506 nomine
1146 2440 1279 2506 Domini
1293 2453 1325 2506 et
1338 2442 1405 2529 ejus
1419 2439 1538 2526 auxilij,
1555 2439 1664 2526 incipit
1676 2439 1773 2506 Liber
1784 2440 1970 2508 Differentie

585 2561 608 2596 ‘⁶
624 2553 760 2638 Spiritus
774 2565 806 2620 et
822 2553 938 2618 Anime
962 2575 1056 2642 quem
1081 2553 1294 2618 Constabulus
1310 2552 1399 2618 Luce
1422 2551 1524 2616 emim
1543 2573 1612 2630 sno,
1639 2551 1784 2638 scriptori
1806 2553 1967 2639 eujusdam

587 2673 610 2707 ‘⁶
625 2665 724 2754 Regia
738 2666 855 2734 edidit:
879 2677 911 2730 et
925 2665 1086 2732 Johannes
1110 2665 1332 2752 Hispaniensis
1354 2687 1396 2731 ert
1417 2663 1557 2730 Arabico
1578 2664 1612 2728 in
1627 2663 1777 2729 Latinum
1800 2663 1970 2730 Remundo

586 2785 610 2818 “
625 2777 816 2844 Collectario
831 2777 1082 2866 Arehiepiscopo
1095 2778 1283 2844 ancolim

544 2887 663 2953 Omnia
676 2888 729 2954 hic
743 2889 821 2954 mibi
835 2891 971 2956 obscura
984 2901 1075 2955 sunt:
1102 2899 1123 2932 ‘⁶
1133 2889 1215 2966 Quis
1230 2889 1284 2954 bic
1300 2891 1421 2955 Auctor
1435 2886 1547 2963 ftrerit3
1570 2886 1639 2974 quis
1655 2886 1786 2951 Amicus
1800 2887 1887 2973 ejus:
1903 2887 1974 2974 qui-

589 3008 612 3042 “
626 3022 700 3064 nem
711 3000 873 3066 lohannes
886 2999 1118 3086 Hispaniensis,
1130 3013 1163 3066 et
1176 2999 1362 3066 Remundus
1382 2999 1668 3086 Arehiepiscopus3
1684 3011 1716 3064 et
1725 2998 1780 3064 ubi
1795 2998 1978 3084 Arehiepis·

589 3117 611 3150 “
625 3122 755 3196 copatus
771 3111 823 3176 ille
840 3111 1066 3176 collectarius:
1089 3133 1148 3176 nec
1162 3110 1204 3177 de
1218 3111 1255 3176 iis
1271 3112 1439 3200 quicquam
1453 3112 1609 3177 inveni0.”

543 3219 614 3285 Nec
627 3223 728 3308 magis
743 3221 863 3286 clarum
878 3235 982 3287 utrum
1001 3221 1214 3288 Constabnlus
1235 3223 1372 3288 hominis
1386 3245 1503 3288 nomen
1518 3223 1559 3287 sit
1572 3244 1613 3287 err
1629 3221 1751 3310 Officij:
1775 3223 1849 3288 item
1864 3233 1970 3286 utrum

586 3330 675 3396 Luce
699 3331 937 3420 intelligendum
961 3333 1001 3396 sit
1023 3332 1064 3396 de
1089 3333 1225 3398 auctoris
1248 3334 1372 3412 Amico,
1398 3333 1452 3420 qui
1468 3333 1572 3398 Lucas
1594 3333 1768 3418 appellatus
1794 3334 1852 3410 sit;
1875 3355 1916 3398 nn
1930 3333 1972 3397 de

547 3522 551 3530 Ι
589 3439 680 3506 Urbe
694 3441 809 3530 aliqui,
825 3445 914 3530 cujus
931 3444 1073 3530 Scriptor
1087 3443 1140 3508 hic
1156 3443 1379 3524 Constabulus,
1394 3445 1460 3509 sive
1476 3443 1735 3509 Constabularius
1749 3443 1851 3508 fuerit.

533 3551 609 3618 Hoc
624 3553 727 3618 solnm
741 3554 868 3620 invenio
881 3555 967 3640 apud
983 3555 1180 3620 Gesnerum:
1206 3564 1228 3597 “
1244 3555 1505 3633 Constabenluce,
1527 3557 1601 3634 sive,
1619 3555 1841 3632 constabulus,
1858 3555 1973 3620 citatur

593 3673 614 3705 “
630 3665 662 3728 in
678 3665 800 3732 summi
818 3666 943 3732 Alberti
959 3665 1090 3754 Magni:
1111 3667 1195 3743 item,
1211 3667 1244 3730 in
1259 3667 1341 3730 libro
1355 3667 1395 3730 de
1411 3665 1632 3745 Minernlibus,
1648 3667 1761 3730 citatur
1777 3663 1975 3731 Constaben·

594 3783 615 3815 “
630 3773 701 3840 luce
715 3775 795 3840 liber
816 3777 858 3841 de
882 3777 1025 3863 Physicis
1047 3777 1218 3864 ligaturis.”
1263 3775 1349 3840 Num
1374 3776 1587 3844 Constabulus
1612 3777 1700 3842 Luce
1723 3799 1830 3842 errore
1856 3776 1975 3842 Scribas

591 3887 730 3971 positum
745 3897 794 3952 est
813 3908 874 3972 pro
898 3885 1176 3952 Constebenluce?
1197 3887 1247 3951 vel
1261 3897 1381 3966 contra,
1406 3887 1658 3954 Constabenluoe
1679 3909 1740 3974 pro
1764 3888 1976 3954 Constabulus

593 3995 709 4063 Luce?

549 4107 625 4172 Fuit
638 4121 744 4174 sutem
759 4109 800 4195 (si
815 4107 907 4174 titulo
921 4109 1068 4176 habenda
1082 4122 1129 4176 est
1143 4110 1236 4194 fides)
1254 4111 1396 4198 Scriptor
1411 4111 1586 4190 Arabicus3
1601 4113 1674 4178 licet
1690 4111 1902 4179 Constabulus
1916 4133 1977 4177 vox

594 4218 711 4284 Latina
724 4219 877 4284 videatur.

551 4328 772 4414 Sparrhemins‚
788 4331 821 4394 in
833 4330 1037 4418 Geographii
1053 4333 1151 4412 sacri,
1166 4331 1275 4398 laudnt
1289 4355 1453 4401 nummum
1467 4335 1579 4422 inquo
1590 4334 1741 4412 Tarraco,
1760 4335 1977 4399 Romanorum

595 4441 630 4506 in
646 4441 805 4528 Hispanis
821 4441 965 4522 Colonia,
989 4456 1118 4508 vocatur
1142 4445 1415 4512 collectaneorum
1429 4447 1559 4514 victrix:
1582 4446 1668 4534 quod
1682 4467 1800 4512 nomen
1818 4467 1838 4510 a
1854 4445 1979 4510 Collec-

597 4556 693 4621 tareis
717 4574 783 4620 non
807 4555 942 4621 multum
964 4556 1131 4644 discrepat
1177 4557 1241 4624 Sed
1255 4557 1347 4646 hujus
1369 4560 1479 4646 populi
1505 4559 1694 4625 mentionem
1708 4579 1768 4622 nec
1787 4555 1873 4641 apud
1888 4555 1977 4620 Geo-

596 4665 745 4756 graphos,
768 4689 828 4732 nec
841 4667 928 4752 apud
949 4667 1153 4755 Antiquarios
1176 4670 1310 4734 invenio.
1357 4671 1542 4750 Consulem,
1564 4670 1679 4760 quibus
1699 4669 1791 4754 copia
1809 4679 1866 4746 est,
1893 4671 1979 4753 (quoe

597 4777 676 4842 mihi
690 4799 776 4844 nunc
789 4799 854 4844 non
869 4781 1019 4866 suppetit)
1035 4779 1187 4846 Veterum
1200 4779 1447 4870 Episcopatuum
1460 4783 1626 4861 Notitiam,
1638 4795 1671 4848 et
1686 4779 1834 4846 Nicholai'
1848 4777 1979 4864 Antonij

598 4887 829 4955 Bibliotbeeam
845 4889 1064 4978 Hispanicum.

556 4997 725 5066 Tractatus
747 5001 792 5066 sic
806 5003 934 5088 incipit:
960 5011 981 5046 ‘⁶
996 5004 1202 5093 Interrogasti
1224 5027 1275 5072 me
1300 5005 1448 5092 (honoret
1462 5021 1494 5072 te
1508 5005 1613 5088 Deus)
1628 5003 1668 5072 de
1689 5000 1879 5070 Differentia
1899 4999 1980 5064 inter

601 5117 623 5152 “
639 5110 792 5196 Spiritum
806 5122 839 5176 et
854 5111 1067 5179 Aninram’'-

558 5222 722 5308 Scriptura
735 5221 846 5288 eadem
861 5235 909 5290 est
929 5245 1002 5292 cum
1016 5227 1214 5312 procedente
1229 5239 1373 5308 mactatu,
1396 5228 1447 5294 cni
1461 5227 1641 5295 immediato
1656 5225 1864 5316 subjungitur.
1910 5221 1982 5288 Hm

598 5334 653 5398 bet
667 5343 789 5398 tantum
804 5341 825 5398 2
840 5333 924 5400 folia.

557 5443 706 5510 Occurrit
719 5445 767 5511 bis
789 5457 908 5531 postca,
933 5458 1083 5515 tractatus
1105 5449 1216 5516 eodem
1231 5451 1331 5531 titulo,
1356 5454 1423 5520 sine
1446 5453 1595 5520 Auctoris
1609 5452 1747 5532 nomine,
1773 5449 1812 5516 C.
1830 5469 1883 5514 111.
1900 5444 1981 5512 cod.

604 5562 654 5626 17.
669 5569 758 5622 tract
778 5565 827 5623 12.
850 5571 883 5625 et
897 5557 936 5625 C.
953 5581 997 5626 iv.
1014 5561 1096 5628 cod.
1114 5571 1163 5628 18.
1179 5575 1269 5630 tract
1286 5571 1316 5634 7.

504 5723 535 5780 4.
558 5715 688 5784 snum
703 5739 889 5787 secuuntur
904 5741 1130 5788 rnoonnssunr
1145 5722 1387 5807 Nunsnonunr,
1410 5747 1432 5792 ι
1447 5725 1633 5792 Manrscno
1649 5721 1869 5797 Guruannuo,
1893 5715 1979 5780 Lm·

603 5847 802 5898 conurnnsrs
818 5831 990 5900 Eocusrn
1007 5833 1250 5903 Cancnnnsruo
1265 5859 1465 5906 comeosrcs.
1794 5828 1870 5894 foli0
1885 5835 1938 5894 91.

561 5935 729 6004 Tractatus
743 5954 790 6006 est
811 5941 1036 6032 Theologicus,
1059 5950 1236 6036 argumenti
1250 5951 1336 6038 varij,
1360 5949 1533 6018 secundum
1547 5965 1750 6037 progressum
1771 5945 1821 6027 (ut
1835 5951 1882 6006 est
1896 5937 1930 6004 in
1944 5937 1984 6003 ti·

547 6115 550 6124 .
606 6047 687 6131 ῐῑῑῙῡ)
701 6049 870 6138 dispositus
878 6079 887 6134 ;
901 6055 964 6142 hoc
977 6057 1093 6124 modo:
