4640 7842
522 953 598 1032 908
1042 969 1199 1028 comcs:
1224 965 1480 1026 nmnccmrrr

287 1167 332 1244 B.
350 1166 419 1245 IV.
438 1176 499 1250 et.
627 1167 825 1244 >immid
838 1179 955 1260 meret
1000 1167 1163 1242 diremtio
1176 1169 1262 1240 euim
1284 1191 1360 1252 sue,
1382 1179 1415 1236 et
1435 1166 1673 1238 tribuerimus
1686 1173 1838 1244 memmii.
1886 1179 2012 1250 Horta·

301 1265 422 1316 ⁹⁰⁸m
622 1297 675 1350 tur
688 1294 872 1362 eutemeos,
889 1294 924 1348 ut
937 1281 1080 1348 ordinem
1095 1281 1344 1366 [Monesticum]
1365 1281 1608 1358 pondererat:
1632 1283 1763 1370 (ueritus
1777 1287 1868 1372 sorte,
1882 1315 1925 1360 ne
1941 1295 2008 1363 Re.

621 1396 672 1488 gis
697 1395 754 1476 im.
780 1417 853 1483 quse
867 1395 971 1482 ἰρειιιιι
986 1393 1157 1482 pepulisset
1181 1395 1214 1462 in
1228 1393 1369 1474 exilium,
1392 1415 1446 1462 eus
1467 1393 1561 1462 etism
1582 1397 1788 1484 opprimeret)
1811 1415 1845 1470 u:
1867 1406 2006 1492 „ipsum

620 1505 768 1593 precibus
782 1506 846 1572 suis
868 1504 942 1572 Deo
956 1504 1196 1606 commendent:
1219 1519 1250 1570 et
1270 1527 1380 1570 omnes
1403 1501 1574 1570 Monestici
1596 1505 1688 1595 offieij
1710 1523 1815 1596 partes
1836 1513 2006 1605 diligente,-

620 1631 829 1708 um!

580 1731 691 1800 Brevis
705 1745 753 1799 est
769 1731 927 1819 Epistola:
951 1732 1067 1818 scripte
1084 1731 1174 1798 lineis
1190 1731 1338 1818 integris:
1361 1729 1458 1798 literis
1472 1731 1652 1818 mejoribtu,
1675 1737 1829 1818 romndis,
1851 1741 2003 1831 eleganti.

620 1845 700 1923 bus:
714 1855 787 1912 ente
801 1865 901 1912 enno:
915 1843 1039 1912 circiter
1053 1855 1236 1920 sexcemos:
1251 1861 1316 1908 non
1325 1840 1425 1910 multo
1440 1845 1491 1926 (ut
1501 1841 1637 1930 videon)
1651 1857 1724 1932 post
1738 1846 1902 1918 Gufflelmi
1916 1875 2003 1920 mor.

620 1967 695 2034 mm,
712 1979 785 2044 quse
799 1954 909 2020 incidit
923 1954 956 2018 in
971 1973 1089 2018 armum
1107 1961 1200 2018 1096.

575 2067 616 2136 In
630 2067 741 2136 eidem
755 2067 871 2156 pagine
884 2064 1085 2152 premittitur
1099 2061 1278 2142 Trectetds,
1295 2062 1345 2130 vel
1362 2063 1533 2146 Sermonis,
1548 2065 1589 2132 de
1602 2065 1818 2148 Ecclesiasticd
1833 2073 1999 2162 disciplina

619 2179 800 2248 Conclusio.

497 2347 546 2406 10.
571 2337 716 2404 Rnousr
733 2341 858 2404 Seuer:
876 2336 1058 2403 Bnnsmrr.
1811 2345 1880 2414 Fol.
1896 2355 1947 2418 76.
1962 2349 1996 2415 b.

574 2450 722 2518 Praefstio
737 2451 781 2516 sle
795 2449 923 2535 incipit:
948 2457 970 2492 ‘⁴
982 2447 1145 2527 Ausculta,
1161 2469 1182 2512 o
1196 2447 1241 2514 lili
1255 2461 1404 2536 precepta
1419 2447 1632 2540 Magistri’-

573 2563 681 2648 ceput
698 2569 774 2626 lm
790 2561 851 2626 sic:
877 2569 898 2604 “
911 2559 1145 2629 Momchorum
1160 2573 1295 2648 qmtuor
1308 2583 1376 2630 esse
1388 2583 1507 2650 genere
1520 2563 1718 2634 menitestum
1732 2568 1843 2634 ese-

573 2673 684 2748 Habet
699 2673 814 2759 Cupite
835 2679 897 2746 78:
923 2670 987 2740 Sed
1001 2670 1104 2750 ΒΨ,
1120 2671 1207 2758 quod
1226 2693 1246 2738 e
1266 2671 1370 2758 primo
1386 2671 1496 2742 Serus
1518 2675 1669 2745 omissum
1690 2676 1801 2762 fueret,
1824 2679 1865 2748 sb
1878 2681 1940 2750 elio
1961 2683 1994 2748 in

614 2787 676 2856 int
691 2785 807 2876 peginsi
822 2784 979 2874 adjectum
992 2797 1103 2872 postes
1115 2782 1184 2852 fruit

572 2897 667 2964 Edita
681 2911 729 2964 est
742 2897 812 2964 hoec
828 2896 953 2986 Regula
966 2895 1000 2959 in
1016 2893 1213 2961 Bibliothecd
1229 2893 1361 2961 Petrum
1376 2893 1574 2964 Latinorum.

569 3009 695 3096 Scripta
708 3021 756 3077 est
769 3007 860 3074 lineis
874 3005 1025 3096 integris:
1045 3005 1142 3074 literis
1156 3003 1378 3086 mediocribus,
1393 3007 1547 3076 rotundis.
1593 3009 1745 3098 Ejusdem
1758 3015 1882 3084 videtur
1895 3017 1997 3084 utatis

612 3143 686 3192 cum
701 3119 871 3188 Lanfrmci
886 3117 1190 3188 combustionibus:
1215 3117 1280 3188 Sed
1295 3117 1459 3206 Scriptura
1472 3141 1537 3194 non
1552 3135 1600 3192 est
1613 3124 1693 3196 :deo
1707 3127 1844 3216 elegeos.

567 3293 607 3360 In
622 3293 707 3373 solio,
724 3293 808 3382 quod
824 3293 857 3360 in
872 3293 936 3360 fine
949 3313 1084 3360 vacuum
1098 3302 1250 3380 superest,
1266 3292 1474 3380 subjiciuntur
1487 3296 1528 3361 eb
1542 3295 1603 3364 alit
1617 3319 1731 3365 menn:

513 3441 542 3500 1.
566 3431 708 3500 Anselmi
724 3431 812 3518 AEp'i
827 3429 978 3498 cantuar.
996 3428 1151 3518 Epistoloe
1166 3435 1187 3498 2
1202 3427 1322 3497 breves.
1754 3433 1807 3502 sol.
1823 3445 1876 3504 95.
1891 3435 1922 3502 b.
1939 3447 1994 3505 96.

566 3595 595 3634 a.
610 3593 642 3635 a.
666 3569 751 3648 Une,
767 3569 808 3634 ad
823 3539 998 3636 Antonium
1015 3565 1242 3652 Subpriorem:
1257 3587 1330 3654 que:
1345 3567 1389 3634 sic
1405 3567 1532 3654 incipit:
1557 3577 1579 3614 ‘⁸
1591 3569 1737 3650 Gaudeo,
1753 3583 1785 3642 ot
1797 3573 1914 3664 gestias
1928 3598 1993 3666 ego

699 3690 721 3723 “
736 3681 810 3750 Deo
823 3691 856 3746 et
870 3679 969 3759 vobis,
983 3699 1044 3765 pro
1057 3678 1144 3746 bono
1157 3677 1225 3744 nelo
1239 3699 1333 3764 quem
1348 3677 1534 3746 hebetis&-

610 3793 638 3860 b.
662 3791 783 3872 Altero,
805 3791 848 3860 sd
869 3791 928 3860 W.
945 3789 1102 3858 Abbetem
1118 3789 1328 3860 Beucnusm:
1353 3790 1406 3856 Sic
1421 3789 1547 3878 incipit:
1572 3801 1593 3838 ‘⁶
1604 3793 1658 3862 De
1673 3807 1747 3864 uoto
1762 3794 1925 3879 Mormuhi,
1948 3799 1988 3866 de

699 3911 721 3948 ‘⁶
735 3925 800 3992 quo
814 3915 957 3971 nosmrm
972 3901 1081 3972 eudire
1095 3901 1188 3968 vultis
1201 3901 1432 3972 consilium-

610 4015 686 4082 Nor:
701 4013 849 4104 leguntur
863 4015 896 4082 in
911 4012 1056 4082 Ansebni
1070 4035 1201 4100 operum
1215 4011 1354 4080 editione
1370 4012 1562 4094 Coloniensi,
1577 4019 1653 4086 unni
1670 4027 1742 4089 lm.

565 4165 595 4230 β.
617 4151 671 4218 De
686 4160 706 4216 4
720 4151 888 4240 generibus
911 4147 1164 4226 Monechorum3
1192 4149 1355 4214 cenobitis
1377 4149 1589 4232 Anschoritis,
1616 4154 1784 4246 Girovegis
1800 4157 1986 4224 Cemalibus

652 4273 685 4328 ct
700 4259 932 4348 Spiritcelibus,
951 4259 1146 4326 Srcrebs'r'tis.
1822 4265 1875 4333 sol,
1892 4279 1944 4336 96,

611 4373 664 4440 Sic
678 4373 807 4460 incipit:
830 4379 854 4416 ‘⁸
869 4371 908 4440 ln
923 4371 1010 4437 omni
1024 4371 1162 4436 claustro
1182 4385 1317 4458 quemor
1342 4373 1397 4444 illu
1418 4395 1535 4464 genere
1559 4397 1627 4446 esec
1652 4373 1886 4446 Monscbornm
1901 4403 1988 4446 com.

653 4491 677 4530 “
689 4485 874 4574 probentur,
890 4505 963 4573 que:
976 4483 1086 4550 beatus
1100 4483 1265 4570 descripsit
1282 4483 1535 4553 Benedictns'-

610 4597 665 4666 Ad
678 4599 809 4666 verbum
823 4619 905 4686 pene
919 4596 1112 4684 descriptum
1126 4609 1174 4661 est
1187 4619 1228 4662 ex
1245 4597 1357 4684 Capite
1375 4607 1427 4664 1¹¹⁹
1444 4599 1577 4688 Regula:
1593 4599 1765 4666 Benedicti.

439 4731 443 4739 ’
566 4759 595 4810 r.
618 4733 775 4804 Bernnrdi
790 4733 1040 4814 clarevellensis,
1060 4745 1092 4799 et
1107 4731 1213 4800 Gwill.
1231 4732 1435 4800 Riemllensis
1451 4733 1567 4800 Abbet.
1583 4733 1727 4822 Epistola
1739 4733 1780 4801 sd
1797 4733 1940 4802 Priorem
1954 4749 1987 4805 et

657 4847 856 4920 Conventum
871 4845 1023 4912 Dunelm.
1818 4847 1873 4915 fol.
1888 4857 1942 4918 96.

610 4959 729 5041 Quem,
754 4983 828 5027 cum
849 4959 953 5032 brevis
975 4958 1025 5038 sit,
1051 4981 1109 5023 nec
1132 4957 1214 5023 inter
1238 4955 1393 5024 Rernsrdi
1418 4979 1516 5046 opere
1537 4957 1669 5050 legetur,
1695 4959 1758 5028 bue
1779 4961 1989 5029 transcribere

651 5095 759 5166 operte
771 5071 909 5160 pretium
922 5071 1023 5141 visum
1038 5081 1095 5135 est.

610 5193 633 5231 ‘⁶
647 5185 781 5254 Dilectis
795 5185 829 5250 in
845 5181 973 5250 Christo
989 5181 1030 5248 R.
1045 5179 1215 5247 venerabili
1232 5179 1335 5248 Priori
1348 5179 1501 5248 Dunelm.
1518 5181 1669 5262 Emlesie,
1691 5193 1724 5250 ct
1738 5183 1885 5250 universo
1900 5183 1985 5252 Con·

654 5309 677 5344 “
690 5301 806 5378 ventui,
821 5299 931 5368 Frater
947 5295 1128 5365 Bernerdus
1145 5295 1310 5362 Clnrevell.
1331 5309 1364 5363 et
1379 5295 1490 5362 Frater
1505 5293 1611 5361 Gwill.
1628 5293 1760 5362 Rievcll.
1776 5295 1917 5362 Abbetes
1930 5317 1986 5362 vo·

654 5419 676 5454 ‘⁸
690 5411 762 5490 ceti,
779 5409 918 5478 Sdutem
932 5421 964 5476 et
979 5407 1238 5498 orationesque:
1252 5421 1384 5496 possunt
1396 5407 1430 5474 in
1445 5405 1597 5474 Domino.

612 5529 635 5568 ‘⁸
649 5521 791 5592 neclan
804 5533 917 5602 veens,
932 5521 1191 5610 diurnultumque
1205 5521 1341 5612 fatigate,
1357 5543 1442 5588 nunc
1451 5521 1608 5608 (Domino
1617 5521 1800 5606 miserente)
1812 5545 1832 5588 s
1842 5521 1985 5588 Domino

653 5643 676 5678 “
692 5633 779 5722 Papi:
793 5633 968 5701 libertetem
990 5633 1162 5726 Electionis
1183 5636 1312 5721 accepit.
1358 5633 1454 5702 Unde
1474 5635 1639 5701 hortemur
1652 5657 1718 5714 vos,
1742 5657 1783 5701 ne
1801 5637 1835 5700 in
1849 5655 1984 5702 veeuum

654 5753 676 5790 “
691 5746 835 5812 Gratiam
849 5745 913 5813 Dei
928 5745 1102 5834 recipietis:
1124 5767 1166 5811 nc
1179 5745 1424 5812 dbsermiombus
1437 5757 1469 5812 et
1482 5747 1686 5813 divisionibus
1700 5747 1735 5812 in
1748 5746 1782 5812 ld
1796 5747 1899 5833 ipsum
1913 5746 1985 5812 leti·

654 5863 676 5898 “
689 5857 823 5944 gedori:
836 5857 996 5936 incidetis:
1019 5857 1075 5924 red
1089 5855 1286 5924 concorditer
1299 5867 1332 5922 et
1345 5857 1534 5923 unmimiter
1553 5857 1742 5925 electionum
1761 5857 1863 5925 fecere
1876 5855 1984 5922 stude-

653 5974 677 6010 “
689 5967 757 6046 etis,
772 5991 834 6056 que
847 5981 880 6036 et
892 5969 967 6037 Deo
979 5968 1103 6056 plecite‚
1118 5981 1151 6036 et
1165 5969 1307 6036 lieeleeie
1319 5981 1423 6037 vestre
1436 5969 1476 6036 sit
1489 5969 1680 6037 recesseris:
1695 5981 1805 6036 utnon
1819 5967 1984 6038 offenden-
