4640 7842
839 973 1026 1030 cccmus
1050 971 1328 1027 nuumususrs.
1746 963 1816 1036 241

25 1169 27 1264 l
93 1165 137 1240 Β.
155 1165 231 1242 IV.
249 1173 309 1246 35.
397 1171 486 1238 Huic
510 1173 655 1238 metatui
680 1173 882 1260 promittitur
908 1175 1064 1244 Psmbclu
1083 1175 1239 1244 Jobnunic
1259 1174 1301 1241 de
1324 1171 1487 1242 anrton
1496 1198 1506 1253 ς
1531 1193 1603 1264 qun
1624 1177 1670 1246 tic
1688 1177 1817 1267 incipit:

25 1265 26 1344 ἶ
104 1262 236 1312 ”mm
438 1293 461 1328 ‘⁶
472 1283 620 1361 Qustuor
634 1283 778 1354 homines
791 1300 869 1356 eunt
882 1289 992 1356 audire
1006 1289 1138 1356 verbum
1152 1287 1282 1356 Der-

394 1397 568 1464 Dimidium
583 1400 731 1489 paginam
746 1402 864 1488 implet.

335 1539 366 1598 t.
388 1529 502 1598 Lmen
517 1554 561 1599 un
577 1533 707 1601 Auonu
722 1535 793 1602 Dm
809 1557 943 1604 course
957 1557 1137 1604 merome
1152 1533 1292 1616 Muruu,
1305 1555 1491 1604 succunurr
1507 1533 1734 1620 chrrnnuun,
1750 1539 1818 1606 Vs-

437 1663 638 1711 unnnmnsu
655 1645 878 1714 Hunsmmrr
893 1669 937 1714 ns
954 1647 1137 1715 Hsuronu.
1541 1692 1545 1700 ·
1615 1647 1707 1718 Folio
1721 1659 1774 1718 92.

396 1753 449 1820 Sic
464 1755 591 1844 incipit:
616 1765 638 1800 “
650 1755 811 1836 Quoniam
826 1759 1060 1824 mundanorum
1074 1759 1198 1825 meanis
1209 1757 1362 1848 gaudium
1375 1760 1475 1825 eterni
1489 1761 1668 1826 amoris‘-

395 1866 522 1934 'litulus
536 1869 570 1934 in
584 1869 648 1936 flue
661 1869 734 1936 libri
748 1893 769 1936 u
782 1893 878 1938 manu
888 1873 989 1960 primi
1001 1872 1207 1940 adscribitur:
1223 1895 1243 1939 c
1259 1871 1358 1938 Bnleo
1372 1883 1404 1938 et
1419 1871 1527 1938 Pitseo
1540 1885 1682 1954 vocetur,
1699 1881 1721 1917 “
1731 1874 1817 1942 con-

439 1988 461 2022 “
474 1992 524 2045 trs
537 1992 691 2048 amatores
708 1981 856 2050 Mundi.”
1504 2029 1506 2034 -

396 2087 436 2154 In
450 2090 514 2156 fine
535 2093 684 2160 tractetis
706 2095 869 2182 subjicitur
892 2096 986 2178 Note,
1011 2120 1074 2186 quc
1095 2096 1273 2162 indicantur
1301 2095 1523 2162 conversionis
1550 2098 1617 2183 ejus
1630 2107 1764 2182 tempus,
1787 2109 1821 2162 et

437 2205 556 2293 gradus
570 2208 646 2294 vurij
658 2233 667 2286 3
690 2207 797 2274 ethoc
812 2209 960 2276 demum:
985 2211 1055 2275 “In
1076 2224 1169 2275 nocte
1192 2209 1423 2276 purificationis
1445 2209 1535 2275 beste
1558 2209 1664 2276 Murie
1679 2209 1819 2299 Virginis

440 2325 462 2360 “
476 2317 595 2384 dictum
609 2319 668 2386 fuit
681 2321 777 2386 michi
797 2323 832 2386 iu
853 2323 1002 2408 sompnis,
1027 2325 1081 2388 A0.
1097 2323 1166 2389 Diii
1183 2331 1276 2402 1848,
1301 2323 1403 2388 Annis
1427 2329 1466 2387 12
1489 2321 1604 2388 vives.”
1648 2321 1694 2388 A:
1707 2323 1734 2388 si
1756 2321 1821 2394 Le.-

437 2429 544 2512 lsndo,
562 2431 670 2513 Buleo,
693 2444 725 2499 et
740 2435 847 2501 Pitseo
860 2435 949 2514 fides,
973 2436 1051 2502 obiit
1065 2437 1215 2502 sexennio
1229 2449 1311 2522 post,
1333 2457 1418 2501 anno
1432 2435 1550 2501 scilicet
1567 2443 1660 2504 1349.
1705 2433 1822 2502 Lclun·

438 2541 498 2608 dus
513 2555 617 2610 nutem
632 2545 717 2634 quod
732 2547 857 2635 scripsit
870 2569 912 2614 ex
928 2545 1017 2613 Meso
1033 2545 1182 2613 Mariano
1197 2547 1391 2614 Eborecensi
1404 2547 1586 2633 depromsit.

395 2647 546 2738 Ejusdem
561 2655 660 2720 retutis
674 2655 727 2721 hic
741 2669 890 2722 mactmus
904 2669 952 2722 est
966 2681 1037 2722 cum
1052 2659 1214 2743 superiori.
1375 2637 1377 2652 ¹

340 2793 370 2852 5.
395 2785 544 2852 chsunr
562 2810 604 2853 ns
621 2789 796 2856 Hnnronn
813 2790 1091 2870 Msurrsmouns,
1115 2793 1206 2874 [lolio
1222 2793 1342 2874 unico.]
1634 2789 1687 2858 fol.
1706 2801 1777 2860 118.

397 2897 450 2963 sic
464 2899 634 2984 incipiunt:
660 2909 681 2944 ‘⁶
693 2902 817 2990 Evigilu
831 2904 935 2968 enims
949 2906 1082 2968 mea''-
1218 2983 1221 2990 ⁴

396 3007 450 3073 Ab
464 3007 573 3074 eidem
589 3032 694 3076 manu.

339 3153 369 3210 6.
394 3143 579 3212 Sencmunr
595 3147 827 3214 Cuunrouuu.
1476 3147 1552 3214 folio
1570 3153 1630 3216 ms
1646 3123 1776 3216 sd'lls.

397 3255 450 3320 Sic
464 3256 590 3342 incipit:
616 3259 784 3324 “Sanctus
799 3257 975 3324 Edwardus
992 3259 1064 3325 Rex
1079 3271 1110 3324 et
1126 3257 1360 3325 confessor’-

395 3367 530 3436 Videtur
544 3383 728 3458 excerptum
743 3395 784 3438 ex
797 3373 880 3439 libro
894 3374 949 3462 qui
963 3374 1008 3440 sic
1022 3373 1212 3439 inscribitur.

253 3679 313 3755 36.
341 3679 547 3755 Sencunmu
566 3680 821 3757 Cuneronuu.

383 3824 435 3890 Sic
450 3825 577 3910 incipit:
603 3825 720 3890 “Cum
735 3827 818 3892 circs
831 3825 896 3891 duo
909 3836 1051 3892 versetur
1064 3823 1202 3890 officium
1218 3821 1433 3903 secerdotum,
1450 3823 1529 3890 sicut
1543 3823 1655 3895 diffuse
1669 3824 1817 3894 traditum

340 3944 363 3979 “
376 3946 424 4000 est
436 3957 494 4021 per
509 3936 731 4002 Doctores”-

385 4047 494 4112 Habet
508 4047 561 4111 hic
577 4045 674 4112 Liber
691 4047 805 4133 Capita
821 4055 881 4125 783
905 4047 961 4112 sed
977 4047 1125 4112 Auctoris
1140 4046 1267 4110 nomine
1282 4045 1479 4111 destituitur:
1503 4069 1597 4135 quem
1619 4061 1724 4116 tumen
1750 4053 1819 4116 An·

337 4159 426 4248 glum
435 4158 530 4225 litisse
544 4171 714 4224 constater
728 4181 776 4240 eo,
794 4160 880 4248 quod
892 4160 1098 4248 Anglicerum
1112 4158 1374 4224 consuetudinum
1388 4159 1617 4245 etoppidorum
1628 4163 1819 4230 mentionem

335 4267 428 4334 faciat
441 4269 547 4334 multis
562 4270 595 4334 in
609 4269 705 4335 locis:
728 4281 764 4336 ut
777 4271 811 4334 iu
824 4269 900 4334 folio
920 4269 1113 4355 penultimo:
1133 4269 1232 4354 xxviij
1255 4269 1324 4334 “Si
1345 4280 1487 4334 tenentes
1501 4270 1542 4336 de
1558 4271 1708 4352 Ecccctin
1725 4286 1760 4339 ut
1774 4274 1816 4340 de

337 4388 361 4424 ‘⁶
373 4379 547 4446 honoribus
561 4380 602 4446 de
617 4381 845 4472 wallingford,
861 4381 1021 4462 Beteford,
1039 4381 1256 4470 thtinghsm,
1270 4379 1451 4460 Lnncnstm,
1468 4383 1518 4446 vel
1532 4383 1601 4448 aliis
1616 4383 1819 4451 Eocnetis”-

380 4493 522 4579 Scriptus
536 4504 585 4557 est
597 4491 649 4558 bic
665 4491 779 4560 Codex
792 4493 883 4559 lincis
897 4493 1066 4571 continuis:
1092 4493 1190 4557 literis
1204 4491 1426 4572 mediocribus,
1448 4491 1653 4574 acuminatis:
1675 4509 1747 4562 unte
1761 4519 1818 4562 an·

336 4623 395 4668 uos
409 4603 533 4670 circiter
546 4615 712 4670 trecentos.

381 4715 543 4780 luinitio:
568 4714 997 4782 “coenbmienunelmr
1677 4803 1682 4810 ι

381 4826 420 4892 Iu
434 4826 518 4892 line:
541 4835 564 4870 “
575 4827 735 4914 Scriptum
749 4849 769 4892 c
784 4825 889 4893 Willo
902 4827 944 4893 de
959 4826 1143 4913 Kedwcly.”
1187 4825 1307 4891 Scribe
1321 4823 1446 4890 videtur
1458 4847 1587 4890 nomen.

251 5145 310 5226 87.
337 5137 565 5213 Tmcm‘rus
583 5163 672 5214 nuo.

337 5319 366 5374 l.
390 5307 591 5375 Tuscrrrus
607 5329 651 5374 ns
668 5307 785 5375 Rursus
800 5307 1077 5376 Eccnnsrssrrcrs.

394 5419 520 5486 'I'itulus
534 5421 592 5486 iste
606 5432 654 5487 est
667 5445 687 5486 u
707 5443 804 5486 manu
817 5421 945 5486 recenti.
990 5421 1029 5486 In
1040 5419 1143 5485 fronte
1156 5417 1230 5484 bbri
1239 5417 1309 5484 lraec
1324 5415 1410 5484 Note
1423 5437 1549 5484 amaru
1562 5417 1675 5505 primi,
1685 5415 1735 5486 vel
1749 5441 1814 5486 non

435 5533 535 5598 multo
549 5535 731 5613 recentiore,
747 5534 844 5598 literis
857 5533 993 5598 miniatis
1008 5533 1078 5621 (sed
1092 5553 1174 5620 pene
1187 5531 1342 5615 evanidis)
1356 5529 1520 5598 scribitur:
1545 5539 1568 5574 “
1578 5531 1617 5597 ln
1632 5533 1695 5598 isto
1706 5531 1814 5599 libello
1839 5515 1841 5520 ,

437 5653 459 5686 “
473 5643 672 5710 continentur
693 5643 831 5732 quinque
852 5656 1001 5710 ructatus
1022 5645 1150 5731 optimi:
1176 5665 1249 5710 cum
1273 5643 1460 5732 quibusdem
1486 5643 1750 5730 Excerptionrbus
1772 5645 1813 5711 de

437 5763 459 5797 ‘⁸
473 5753 650 5822 Decretis.‘’
692 5755 809 5822 Dicere
823 5755 932 5822 debuit
947 5757 1093 5844 Septem:
1109 5755 1259 5823 dividitur
1271 5757 1355 5822 enim
1369 5757 1403 5822 in
1417 5767 1537 5843 septem
1551 5755 1657 5822 libros.

392 5869 474 5934 Sunt
488 5865 648 5954 Excerpts
661 5869 805 5956 quaedurn
820 5892 838 5934 e
854 5867 985 5934 Pusam
1001 5869 1143 5956 Scriptis,
1158 5869 1252 5937 certis
1266 5867 1431 5956 caprum
1445 5867 1585 5959 digena:
1598 5879 1733 5957 quorum
1748 5869 1813 5934 Ar·

432 5991 582 6066 gemente
594 5979 677 6054 libro
689 5979 750 6067 ipsi
763 5979 983 6070 proefiguntnr.
1004 6075 1024 6134 θ

1039 6089 1061 6134 r
