4634 7874
475 1083 550 1154 400
1004 1099 1159 1152 comens
1176 1097 1432 1152 uaruscmrrr

190 1205 473 1379 fimfflffllol,
506 1309 557 1368 15.
579 1299 633 1366 De
648 1297 785 1386 quodam
799 1297 1013 1384 predictorum
1031 1299 1225 1366 Portitorum
1240 1301 1363 1378 comite,
1381 1297 1507 1362 nomine
1524 1295 1616 1376 Eilaf,
1641 1297 1694 1383 qui
1710 1319 1836 1363 caseum
1851 1298 1964 1366 furtive

226 1349 346 1392 mm
584 1410 717 1490 sustulit,
734 1409 877 1498 qualiter,
893 1411 1054 1476 orantibus
1072 1411 1244 1492 Fratribus,
1262 1413 1293 1476 in
1309 1409 1506 1497 vulpeculam
1517 1409 1557 1473 sit
1571 1407 1732 1488 fonuatus,
1749 1423 1780 1474 et
1796 1411 1909 1476 iterum
1924 1413 1964 1478 B.

586 1521 753 1588 Cuthberti
768 1522 979 1590 misericordiis
995 1537 1176 1610 repamtus3
1192 1525 1291 1612 etqui
1309 1523 1445 1588 Currum
1460 1519 1501 1586 od
1516 1543 1631 1606 corpus
1646 1521 1743 1606 ipsius
1758 1522 1962 1589 deferendum

583 1636 768 1714 invenerint,
784 1648 816 1700 et
831 1635 990 1722 quomodo
1005 1637 1064 1722 ipsi
1079 1636 1231 1700 nominati
1244 1635 1369 1700 fuerint.
1414 1657 1446 1720 p.
1463 1641 1515 1700 25.

509 1777 558 1836 16.
583 1769 765 1848 Quomodo,
782 1767 918 1858 antiquis
933 1769 1137 1855 temporibus,
1163 1769 1305 1835 Ecclesia
1320 1769 1360 1834 B.
1378 1767 1546 1834 Cuthberti
1567 1767 1661 1832 fuerit
1675 1767 1817 1833 instituta
1837 1781 1869 1833 et
1890 1793 1962 1834 curn

582 1881 749 1968 prophetia
765 1881 881 1946 Clerici
895 1879 1074 1968 adimpleta,
1098 1895 1130 1946 et
1144 1903 1238 1969 quam
1253 1881 1384 1946 mirifice
1399 1881 1480 1970 ignis
1494 1881 1535 1946 de
1557 1880 1638 1944 coelo
1660 1880 1773 1944 cecidit
1786 1893 1818 1944 et
1832 1881 1964 1946 domum

582 1995 787 2062 Divitiacum
803 1995 949 2060 omnibus
970 1995 1098 2080 proediis
1113 1995 1335 2060 consumserit:
1360 1993 1465 2058 horrei
1481 2015 1557 2058 vero
1578 2005 1701 2078 partem
1724 1993 1756 2056 in
1771 2017 1833 2080 qua
1848 2016 1963 2081 corpus

585 2109 651 2194 ejus
667 2106 775 2174 eisdem
793 2121 884 2172 nocte
900 2107 1053 2194 requierit
1068 2105 1174 2172 ledere
1189 2129 1253 2172 non
1269 2107 1492 2193 praesumserit.
1537 2128 1568 2190 p.
1586 2114 1638 2170 82.

510 2251 559 2314 17.
583 2243 757 2320 Quomodo
772 2241 910 2308 Doemon
926 2245 957 2306 in
974 2245 1077 2328 specie
1092 2245 1199 2332 magni
1214 2245 1347 2309 canisio
1369 2242 1526 2331 quendam
1546 2241 1727 2306 Walterum
1750 2241 1893 2324 [fratrem
1909 2267 1965 2309 cu-

580 2355 708 2442 jusdam
730 2355 784 2442 qui
809 2355 909 2420 scolas
931 2355 1016 2442 apud
1037 2354 1148 2421 larum
1176 2355 1302 2442 (Yurm)
1329 2357 1361 2418 in
1385 2353 1521 2444 legendo
1543 2359 1702 2434 tenuerat]
1728 2355 1812 2440 apud
1839 2355 1965 2422 Kelllau

587 2465 757 2551 (Kellawe)
773 2465 912 2530 introivit
926 2477 958 2530 et
973 2467 1053 2552 aquai
1071 2465 1161 2531 Beati
1177 2465 1344 2532 Cutlrberti
1359 2487 1417 2552 per
1434 2463 1611 2530 Aldredum
1628 2466 1797 2530 Sacristanr
1813 2467 1965 2535 Dunelm.

585 2576 625 2640 de
640 2599 678 2640 eo
691 2589 844 2662 protenus
859 2576 995 2665 effugata
1010 2577 1058 2641 sit.
1103 2599 1135 2662 p.
1152 2588 1204 2646 87.
1296 2599 1304 2612 ·

509 2723 558 2782 18.
582 2715 754 2792 Quomodo
769 2714 926 2780 Diabolus
940 2737 998 2801 per
1012 2737 1049 2780 os
1066 2715 1189 2780 Furiosi
1198 2714 1238 2778 de
1253 2713 1428 2779 dormiente
1442 2715 1564 2780 iuvene
1579 2713 1654 2802 quid
1664 2715 1865 2781 somniaverit
1879 2717 1969 2782 edix-

585 2827 654 2906 erit,
670 2841 702 2892 et
716 2829 849 2916 qualiter
864 2828 945 2892 inter
960 2850 1013 2892 eos
1028 2827 1241 2893 confederatio
1256 2828 1305 2891 sit.
1349 2850 1381 2912 p.
1398 2835 1449 2891 42.

508 2970 558 3029 19.
582 2961 635 3028 De
649 2963 785 3051 quodam
808 2963 907 3028 nobili
923 2963 1003 3026 Viro
1024 2963 1080 3028 sed
1103 2963 1247 3048 Leproso
1262 2985 1303 3026 ex
1317 2961 1489 3050 longinqua
1512 2962 1694 3026 australium
1718 2965 1897 3052 Anglorum
1918 2989 1968 3032 re·

584 3076 699 3164 gione3
722 3074 882 3162 quomodo
898 3087 1005 3138 votum
1030 3075 1063 3138 S.
1080 3071 1268 3138 AEdmundo
1290 3085 1323 3138 et
1338 3071 1543 3138 AEtheldrido
1556 3073 1674 3152 fecerit,
1697 3075 1753 3140 sed
1767 3075 1875 3140 divino
1889 3091 1968 3142 nutu

585 3187 626 3252 ad
643 3189 676 3254 S.
694 3187 905 3252 Cuthbertum
928 3187 1035 3250 venire
1048 3187 1187 3250 monitus
1201 3185 1311 3250 suerit:
1334 3197 1366 3250 et
1387 3185 1523 3272 qualiter
1543 3185 1740 3252 venerandus
1757 3189 1927 3253 Confessor
1940 3191 1970 3253 ei

586 3301 777 3384 apparuerit,
792 3311 824 3362 et
842 3299 1012 3382 Caputium
1027 3295 1067 3362 de
1084 3297 1206 3383 Capite,
1222 3311 1255 3362 et
1268 3297 1388 3382 lepram
1404 3296 1498 3362 simul
1509 3296 1550 3362 de
1564 3299 1711 3362 universo
1724 3301 1821 3384 ipsius
1837 3323 1970 3386 corpore

587 3410 776 3476 abstraxerit
799 3418 820 3452 ‘⁶
832 3407 910 3476 Hoc
931 3409 1117 3474 miraculum
1133 3432 1152 3474 a
1166 3407 1262 3473 fratre
1284 3421 1393 3472 nostro
1408 3407 1577 3474 'l'huroldo
1591 3430 1656 3474 non
1671 3411 1764 3474 semel
1780 3412 1968 3492 audivimus,

588 3521 643 3608 qui
658 3545 691 3586 sa
706 3521 776 3586 haec
797 3520 952 3587 audivisse
972 3545 991 3585 a
1005 3521 1160 3588 veteranis
1181 3519 1339 3584 canonicis
1353 3521 1485 3584 assentit
1506 3521 1539 3584 in
1554 3543 1687 3609 quortun
1701 3527 1858 3608 presentia
1872 3539 1905 3590 et
1918 3550 1970 3590 as·

589 3647 683 3720 pectu
698 3633 760 3698 hoc
774 3645 898 3722 gestum
912 3631 1000 3698 fuit.”
1043 3655 1076 3720 p.
1092 3643 1144 3699 48.

509 3779 562 3838 20.
584 3769 638 3836 De
653 3769 792 3858 quodam
807 3793 826 3834 a
843 3769 932 3856 Rege
949 3767 1124 3832 Muloolnro
1139 3769 1171 3832 in
1189 3768 1327 3834 Castello
1344 3768 1485 3834 Berewic
1500 3769 1718 3836 miserabiliter
1733 3771 1924 3836 incarcerato
1939 3785 1971 3838 et

588 3883 735 3948 omnibus
761 3879 911 3945 membris
932 3879 1065 3944 vinculis
1086 3878 1194 3944 ferreis
1217 3879 1405 3966 compedito,
1432 3881 1593 3968 quomodo
1617 3883 1649 3948 S.
1672 3883 1699 3946 C
1703 3881 1866 3948 utlibertus
1887 3907 1970 3962 eum,

588 3993 827 4080 clausisjanuis,
854 4013 926 4056 curn
949 3990 1096 4056 omnibus
1118 3991 1331 4076 compeditum
1347 3993 1487 4070 vinculis,
1510 3992 1663 4070 eduxerit,
1688 4007 1719 4057 et
1738 3994 1779 4058 ad
1796 3995 1968 4060 Ecclesiam

588 4125 678 4170 suam
692 4103 733 4170 tle
749 4101 907 4168 Nortbam
922 4103 1000 4168 citra
1013 4103 1131 4168 flumen
1147 4101 1335 4166 'Ilmeodam
1351 4103 1543 4188 perduxerit.
1588 4128 1619 4190 p.
1635 4114 1688 4175 47.

510 4251 562 4308 21.
586 4238 770 4318 Quomodo,
785 4238 997 4304 deferentibus
1012 4239 1053 4303 ad
1067 4261 1181 4302 novam
1204 4241 1236 4304 S.
1255 4239 1421 4304 Cuthberti
1439 4239 1611 4304 Ecclesium
1625 4241 1656 4302 in
1673 4241 1780 4306 lnsuhi
1796 4241 1971 4308 Lindissar·
2032 4243 2035 4250 '

587 4352 680 4417 nensi
693 4349 835 4437 lapidum
855 4351 1020 4416 auxiliaria
1042 4351 1210 4436 impendia,
1235 4374 1297 4416 una
1314 4351 1456 4416 Hemina
1473 4351 1640 4416 Ceret-isiae.
1663 4353 1727 4418 tort
1750 4354 1801 4418 die
1817 4355 1973 4420 suffecerit

588 4475 621 4528 at
634 4483 758 4548 semper
772 4463 803 4528 δι
817 4460 967 4526 continue
987 4461 1169 4546 potantibus
1191 4475 1222 4524 et
1243 4460 1461 4526 haurientibus
1482 4461 1639 4526 defectum
1654 4465 1719 4548 pati
1745 4485 1808 4526 non
1824 4466 1971 4549 potuerit.

592 4574 677 4640 Haec
691 4573 867 4638 retulerunt
882 4571 1074 4637 AEdwardus
1090 4572 1241 4637 Officialis
1258 4587 1289 4638 ct
1306 4573 1414 4638 Edred
1429 4573 1564 4658 Dupifer
1579 4573 1827 4639 Lindissarnens.
1870 4599 1901 4662 p.
1919 4588 1971 4642 50.

511 4723 563 4780 22.
588 4711 761 4792 Quomodo
782 4711 867 4798 apud
890 4710 1065 4776 Ecclesiam
1082 4711 1380 4790 Lindisfantensem‚
1407 4711 1495 4777 Pane
1509 4711 1542 4774 in
1567 4713 1599 4776 S.
1617 4711 1787 4776 Cuthberti
1808 4713 1972 4778 festivitate

590 4825 767 4902 deficiente,
784 4821 975 4888 AEdvrardus
999 4823 1179 4888 Monachus
1202 4823 1242 4888 ad
1258 4823 1417 4888 Tumbam
1435 4823 1542 4888 Sancti
1559 4821 1721 4888 Pontificis
1736 4826 1917 4903 cucurrerit,
1940 4837 1973 4890 et

590 4935 692 5026 gratiis
706 4936 751 5022 pli
769 4933 965 5000 confessoris
992 4935 1056 5000 totis
1083 4934 1135 4998 die
1156 4956 1253 5020 panes
1268 4933 1309 4998 de
1329 4933 1417 4999 nulla
1431 4934 1610 5020 subjacente
1632 4935 1761 5000 materiai
1784 4935 1973 5000 sufficienter

591 5045 791 5132 produxerit.
836 5043 944 5131 Hujus
960 5043 1110 5110 Miraculi
1126 5043 1231 5109 Testis
1245 5055 1292 5109 est
1308 5043 1515 5130 Gospatn'cus
1530 5044 1661 5129 dapifer,
1684 5047 1739 5134 qui
1753 5046 1846 5110 etiarn
1867 5047 1973 5112 adhuc

592 5160 707 5244 (1165)
723 5159 756 5222 in
771 5155 881 5223 Insula
896 5155 1145 5220 Lindisfarnsnsi
1160 5155 1271 5222 eodem
1287 5155 1390 5221 officio
1404 5155 1555 5244 fungitur.

517 5305 570 5363 28.
592 5293 646 5362 De
661 5291 849 5382 quibusdam
867 5292 990 5371 Nautis,
1014 5293 1160 5358 omnibus
1177 5293 1274 5358 Navis
1295 5293 1496 5359 armamentis
1515 5295 1646 5372 amissis,
1664 5293 1797 5359 Beatum
1815 5295 1973 5362 Cuthber-

593 5421 660 5472 tum
675 5405 903 5483 invocantibus,
919 5405 1053 5492 qualiter
1061 5405 1132 5491 pius
1146 5405 1315 5470 Confessor
1330 5405 1492 5471 visibiliter
1502 5407 1544 5471 ad
1558 5429 1612 5470 eos
1623 5406 1655 5468 in
1671 5407 1743 5470 navi
1754 5409 1928 5486 accesserit,
1944 5411 1972 5474 δι

591 5517 644 5604 pie
658 5515 852 5595 exhortatus,
867 5516 901 5580 in
915 5515 986 5580 loco
1000 5515 1219 5604 gubernatoris
1234 5515 1359 5596 resedit,
1380 5529 1499 5582 etcum
1516 5517 1628 5581 baculo
1642 5519 1800 5602 pastorali,
1817 5519 1972 5584 saevienti-

591 5629 651 5694 bus
666 5628 770 5707 undis,
785 5649 897 5693 narem
919 5627 1080 5706 direxerit,
1101 5640 1133 5692 et
1154 5627 1193 5692 ad
1209 5643 1335 5713 portum
1350 5629 1383 5692 in
1399 5629 1508 5693 Insula
1521 5629 1562 5692 de
1579 5627 1682 5693 Fame
1696 5629 1858 5708 deductos,
1874 5633 1972 5710 exire,

592 5753 625 5806 et
638 5741 745 5806 omnia
759 5763 865 5808 secum
881 5763 938 5806 sua
952 5753 1129 5826 exportare,
1153 5753 1185 5806 et
1206 5763 1316 5806 navem
1331 5741 1513 5806 dissolutam
1530 5739 1656 5805 funibus
1675 5741 1823 5830 colligare
1837 5755 1869 5808 et
1883 5743 1924 5808 ad
1938 5767 1972 5809 se

591 5853 716 5919 trahere
737 5855 922 5940 preceperit.
969 5853 1084 5918 Nautae
1104 5853 1174 5920 haec
1196 5855 1303 5918 omnia
1325 5853 1559 5932 Bartholomeo‚
1585 5853 1749 5920 Monacho
1764 5855 1971 5934 Dunelmeusi

591 5963 625 6026 in
649 5965 752 6032 Fame
774 5967 991 6045 commoranti,
1016 5965 1199 6032 retulerunt.
1257 5965 1341 6032 Haec
1367 5967 1458 6032 etiarn
1481 5967 1646 6034 Johannes
1670 5966 1846 6034 monachus
1865 5983 1974 6034 noster

594 6087 725 6142 canutus
740 6077 831 6142 nobis
846 6077 962 6144 retulit.
1006 6099 1038 6163 p.
1052 6085 1103 6146 57.
