4650 7852
814 1091 1002 1146 ECOLESIAE
1026 1091 1304 1146 nonsummum.

90 1483 141 1557 Β.
158 1481 213 1556 11,
231 1475 291 1543 ΞΟ.
319 1467 537 1541 Auousrnu
554 1489 602 1538 nr
619 1489 792 1540 turonum
809 1490 1028 1545 rnncrnrus
1047 1476 1106 1544 32.

99 1579 198 1620 rouo.

319 1627 346 1684 1.
370 1617 483 1682 Lmnn
497 1637 598 1681 unum
615 1617 811 1682 Auousrnu
828 1639 872 1682 nn
889 1617 1090 1695 Mnunnmo,
1107 1638 1207 1682 rmus
1223 1639 1266 1684 nu
1281 1639 1325 1684 so
1340 1639 1474 1688 sursus.
1564 1679 1569 1688 .

379 1729 432 1795 Sic
446 1728 574 1813 incipit:
601 1729 755 1818 “Magna
776 1729 898 1816 questio
919 1743 966 1794 est
987 1729 1028 1795 de
1043 1728 1226 1808 Mendacio,
1248 1753 1310 1817 que
1324 1754 1382 1798 nos
1396 1734 1431 1798 in
1451 1732 1527 1819 ipsis
1548 1717 1714 1804 cotidiunis
1726 1740 1804 1804 acti·

422 1841 518 1905 “bus
533 1861 607 1925 sepe
622 1840 841 1906 disturbat'-

320 1985 350 2041 2.
373 1975 487 2042 Lrunn
501 1997 601 2040 nsum
617 1979 816 2042 Auousrrur
833 1976 991 2042 Eruscom
1008 1997 1142 2042 conum:
1158 1976 1391 2043 Mnuuscrurr.

378 2088 431 2153 Sic
444 2088 571 2174 incipit:
596 2095 617 2129 ‘⁶
629 2087 736 2153 Multa
749 2087 827 2152 mihi
840 2087 975 2176 legenda
988 2087 1109 2166 misisti,
1128 2087 1290 2168 Consenti,
1305 2087 1402 2155 frater
1415 2090 1642 2160 kurissime''—

321 2235 350 2292 8.
374 2224 429 2290 Dr
446 2226 903 2305 Anumnmmscomucns,
920 2245 990 2290 nuo
1006 2245 1112 2288 nrum.

378 2338 431 2402 Sic
446 2337 619 2422 incipiunt:
643 2338 785 2404 “Prima
800 2338 922 2423 questio
936 2335 1031 2401 frater
1046 2337 1256 2401 amentissime
1273 2337 1439 2404 Pollenti.''

319 2509 349 2564 4.
373 2501 571 2564 Aususrrur
588 2520 631 2564 ur:
648 2499 793 2564 Numns
808 2521 851 2565 nr
867 2499 1164 2565 Concurrscsumn
1179 2521 1273 2564 susm
1290 2508 1320 2564 2.

380 2611 435 2676 sic
449 2611 621 2695 incipiunt:
647 2619 668 2652 ‘⁶
685 2610 829 2675 Heretici
843 2612 928 2689 novi,
944 2609 1144 2675 dilectissime
1159 2609 1214 2689 fili,
1232 2609 1404 2675 Valeri'-

380 2721 425 2787 Iis
438 2725 640 2808 proemittitur
660 2737 810 2811 tauquam
833 2723 996 2801 Praelatio,
1022 2723 1165 2809 Epistola
1180 2725 1351 2812 Augustini
1372 2724 1413 2789 ud
1429 2725 1610 2793 Valerium:
1635 2729 1810 2796 “Domino

425 2833 572 2898 “illustri
587 2849 619 2898 et
633 2833 745 2898 merito
759 2833 1070 2918 prestantissimo''—

323 2977 353 3034 5.
378 2969 534 3034 Aunnnm
549 2969 744 3032 Aucusrirn
762 2989 805 3031 nn
821 2988 914 3031 nono
932 2965 1132 3032 Couruolm
1149 2987 1262 3031 muru.

383 3079 435 3146 Sic
450 3079 576 3166 incipit:
601 3089 625 3122 ‘⁵
636 3079 798 3156 Quoniam
813 3078 1025 3165 :musquisquc
1041 3077 1137 3142 homo
1151 3077 1282 3142 humani
1295 3080 1419 3167 generis
1434 3101 1508 3166 pars
1523 3086 1638 3147 est’'-·

326 3229 356 3286 6.
381 3220 513 3285 Sextus
529 3239 632 3284 muns
648 3217 797 3284 Mus1cn.

384 3333 437 3398 Sic
452 3333 579 3418 incipit:
604 3340 627 3372 “
639 3332 720 3397 Satis
735 3331 790 3394 diu
804 3351 895 3414 pene,
912 3341 1006 3415 atque
1021 3327 1100 3392 adeo
1114 3327 1219 3412 plane,
1234 3327 1461 3412 pueriliteff’-

383 3443 442 3508 Est
456 3443 626 3532 Augustini
640 3443 721 3508 liber
738 3441 908 3507 Sextusde
924 3439 1061 3505 Musici.

327 3585 356 3648 7.
380 3577 435 3642 Du
452 3579 539 3642 Fun:
556 3599 679 3643 nnnum
696 3597 929 3642 1nv1s1s11num
946 3576 1068 3640 Ausus
1085 3579 1231 3656 [mnus]

386 3691 437 3756 Sic
452 3691 580 3776 incipit:
606 3690 720 3755 “Sunt
734 3689 788 3776 qui
801 3699 915 3774 putant
930 3685 1130 3776 Religionem
1146 3685 1359 3751 Christianam
1373 3699 1542 3774 propterca
1556 3687 1785 3754 ridendam”-

326 3835 356 3891 8.
379 3825 436 3891 Dr
454 3827 619 3891 Snrnouo.
1570 3824 1681 3890 folium
1694 3840 1740 3892 est
1759 3832 1810 3914 12.

385 3938 439 4002 Sic
453 3937 582 4022 incipit:
607 3945 629 3977 ‘⁶
642 3935 730 4001 Sicut
743 3935 904 3999 nonnullis
920 3936 999 4000 scire
1014 3933 1202 4020 permissum
1216 3935 1327 3998 est’'-

384 4047 461 4112 Non
475 4059 654 4112 recensetur
669 4049 750 4112 inter
765 4047 937 4135 Augustini
953 4046 1087 4131 Scriptn,
1102 4067 1144 4110 ne
1159 4045 1355 4130 supposititia
1369 4044 1505 4131 quidem.

326 4219 356 4276 9.
380 4210 503 4274 Ausus
519 4215 654 4290 [mnus]
670 4229 714 4273 nn
731 4209 818 4272 Ioun
836 4209 1074 4273 Punusuonro.

383 4321 436 4387 Sic
451 4321 577 4405 incipit:
602 4328 624 4361 “
636 4320 675 4385 ln
689 4320 823 4384 lectione
837 4319 1007 4404 apostolici
1023 4341 1084 4405 que
1104 4317 1192 4382 vobis
1206 4317 1302 4404 puulo
1323 4329 1396 4383 ente
1410 4319 1539 4383 recitate
1552 4331 1608 4398 est,
1624 4319 1735 4384 fratres
1750 4320 1805 4385 ku·

427 4441 449 4474 ‘⁶
462 4433 586 4511 nissimi,
603 4432 778 4497 audivimus
794 4431 984 4517 Apostolum
999 4430 1219 4495 dicentem’'—

384 4544 496 4609 Sermo
510 4543 600 4606 estin
615 4541 694 4606 illud
709 4543 866 4628 Apostoli,
883 4548 927 4628 (1.
945 4544 1021 4608 Cor.
1037 4565 1105 4628 cap.
1122 4553 1153 4608 3.
1169 4566 1197 4606 v.
1217 4550 1253 4607 ll
1271 4542 1313 4607 ed
1330 4545 1395 4625 15.)

383 4663 405 4698 “
421 4655 675 4720 Fundamentum
690 4657 774 4720 enim
789 4656 873 4722 aliud
885 4679 979 4720 nemo
989 4669 1093 4742 potest
1105 4677 1225 4741 ponere
1238 4667 1344 4741 preter
1354 4655 1388 4720 id
1402 4655 1488 4743 quod
1498 4657 1636 4743 positum
1650 4667 1706 4736 est,
1722 4657 1809 4745 quod

427 4776 450 4811 “
464 4779 512 4832 est
528 4767 673 4832 Christus
687 4767 944 4856 Jesus’'-usque
958 4768 999 4832 nd
1023 4777 1045 4810 ‘⁶
1055 4769 1123 4855 ipse
1138 4780 1244 4834 autem
1257 4768 1361 4834 salvus
1376 4769 1445 4847 erit,
1468 4768 1512 4834 sic
1527 4781 1633 4835 tamen
1647 4770 1736 4856 quusi
1751 4791 1810 4856 per

427 4889 450 4923 tc
464 4880 608 4970 Ignem„

382 4992 458 5057 Non
472 4993 630 5058 invenitur
643 4993 727 5058 inter
743 4994 910 5058 Sermones
926 4992 1108 5081 Augustini.

384 5105 502 5191 Implet
515 5104 625 5170 folium
639 5127 739 5169 unum
754 5127 826 5170 cum
841 5104 983 5170 dimidio.

383 5214 466 5280 Vide
480 5213 571 5293 infru,
589 5213 740 5280 Codicem
756 5223 808 5294 29,
824 5226 991 5280 tractatum
1006 5221 1059 5285 27.

307 5361 356 5420 10.
379 5352 723 5418 Iurnnrnnrumouns
739 5353 971 5420 Ennmcnnuu
987 5372 1221 5418 urmnnsnurr.

385 5463 438 5529 Sic
452 5462 580 5548 incipit:
605 5471 626 5504 “
637 5462 743 5548 Aleph
757 5463 980 5549 interpretatur
995 5461 1147 5527 doctrine.
1193 5459 1277 5528 Beth
1292 5461 1435 5528 domm?

384 5575 445 5640 Est
458 5573 589 5639 dimidiu
603 5585 724 5640 tannim
738 5576 864 5664 pagina.

310 5719 360 5776 ll.
382 5710 438 5776 Dr:
455 5710 596 5777 Onnum
614 5712 892 5778 Cunnuunnnum
957 5699 962 5702 ’

387 5823 439 5888 Sic
453 5825 581 5909 incipit:
606 5833 627 5865 “
640 5823 860 5890 Universitatis
875 5825 955 5888 ratio
969 5822 1113 5910 bipharit
1128 5822 1250 5888 ratione
1264 5822 1359 5888 debet
1372 5820 1535 5910 intelligi?

385 5937 532 6000 Auctoris
557 5959 673 6004 nomen
697 5959 763 6004 non
786 5935 992 6002 adscribitur:
1022 5957 1088 6001 non
1112 5935 1238 6002 invenio
1265 5935 1347 6002 inter
1373 5933 1544 6024 Augustini
1567 5953 1673 6019 opem.
1727 5934 1810 6002 Sunt

429 6047 504 6114 folin
521 6057 570 6117 10.
