4650 7852
543 1031 614 1102 158
1071 1051 1228 1106 comcus
1253 1051 1509 1106 usuuscmrrr

1508 1251 1722 1304 EVANGELIJ
1816 1255 1993 1308 HOMlLlAE

554 1317 701 1370 FESTUM
718 1317 768 1368 ΕΤ
784 1316 961 1369 HOMILIAE
979 1317 1194 1370 uxonnwnt
1534 1319 1680 1370 LECTIO.
1822 1325 1981 1374 AUCTOR.

318 1423 361 1501 Β.
377 1426 451 1505 111.
467 1439 525 1510 11.
1314 1421 1316 1426 ’
1372 1473 1377 1484 ·
1533 1431 1615 1496 Mat.
1632 1443 1663 1498 o.
1683 1444 1711 1499 1.

339 1525 432 1569 '⁰⁸¹⁰'
596 1551 618 1588 ‘⁶
634 1545 717 1630 Sepe
731 1544 914 1632 contingere
929 1541 1018 1644 solet,
1034 1557 1069 1608 ut
1083 1565 1147 1608 una
1160 1541 1333 1629 eademque
1347 1545 1428 1606 res’'*

1533 1675 1615 1742 Mat.
1632 1687 1684 1743 22.
1705 1690 1732 1744 1.

594 1802 615 1838 ‘⁶
632 1795 715 1862 Cum
729 1793 908 1882 frequenter
925 1793 1073 1882 Regnum
1089 1791 1239 1859 Celorum
1254 1791 1286 1854 in
1303 1789 1496 1878 Evangelio”

1531 1925 1623 1991 Joun.
1639 1937 1670 1990 4.
1686 1936 1739 1994 46.

595 2050 617 2084 ‘⁴
631 2041 830 2129 Aliquotiens
844 2039 1027 2128 contingere
1040 2037 1120 2104 solet
1133 2049 1169 2102 ut
1183 2035 1345 2102 nonnulli''

1532 2172 1682 2240 Motl.
1743 2223 1752 2240 .

596 2287 738 2354 “Virtus
753 2301 785 2354 et
800 2289 961 2376 Sapientia
976 2288 1040 2354 Dei
1055 2285 1214 2354 Dominus
1229 2284 1322 2352 lesus
1338 2282 1503 2350 Christum
1652 2185 1671 2240 ⁸
1698 2183 1740 2242 ²⁸

1535 2427 1627 2492 Jonn.
1644 2437 1674 2494 6.
1691 2438 1721 2495 5.

595 2547 617 2584 “
632 2539 788 2617 Quotiens
803 2541 936 2630 legimus
952 2541 1128 2608 Dominum
1143 2560 1184 2604 ex
1198 2537 1306 2624 paucis
1321 2537 1475 2624 panibus”

594 2763 749 2832 Homilite
763 2765 815 2832 hoe
836 2767 961 2855 scriptoe
976 2778 1049 2832 sunt
1071 2765 1231 2852 pleroeque
1252 2763 1293 2828 ab
1308 2761 1369 2828 alit
1391 2784 1487 2828 manu
1501 2765 1596 2851 quim
1613 2765 1833 2854 Gregorimroe,
1856 2769 1913 2834 sed
1927 2773 2037 2839 eadem

551 2880 601 2963 (ut
614 2876 752 2960 videtur)
767 2891 869 2942 aetote.

609 2987 811 3076 Morginibns
825 2999 893 3052 tum
907 2986 1030 3064 harum,
1053 2997 1121 3050 tum
1135 2984 1332 3070 superiorum
1349 2983 1573 3063 Homiliuruur,
1597 2988 1756 3052 nonnullis
1776 2989 1808 3053 in
1830 2992 1907 3056 locis
1921 2994 2039 3059 adscri-

650 3099 770 3164 buntur
785 3099 895 3184 (literis
910 3097 1095 3176 minoribus,
1111 3095 1264 3176 rotundis,
1281 3095 1489 3184 elegantibus)
1506 3095 1668 3182 Excerpto
1680 3099 1824 3185 quondum
1840 3107 1889 3186 (ut
1903 3105 2038 3188 videtur)

652 3229 694 3272 ex
707 3210 775 3274 aliis
792 3208 955 3274 Homiliis.

552 3356 582 3412 3.
606 3349 874 3414 Aurrruounnn
889 3368 982 3412 runs.

609 3457 746 3524 Musicae
771 3471 856 3525 notoe
878 3459 1064 3546 plerumque
1089 3469 1316 3544 opponuntur:
1344 3469 1377 3524 et
1403 3457 1594 3543 Antiphonis
1621 3459 1848 3526 interseruntur
1874 3461 2045 3531 Lectiones

651 3593 772 3656 pouces,
789 3569 829 3636 de
846 3573 962 3637 Suncto
978 3570 1150 3656 Stephano,
1166 3570 1206 3635 de
1223 3569 1337 3636 Smctzl
1353 3569 1509 3634 Trinitote
1524 3571 1582 3634 &n

610 3681 805 3768 Antiphonoe
819 3683 944 3767 scriptae
959 3695 1033 3746 sunt
1046 3681 1136 3746 lineis
1151 3681 1325 3757 continuis3
1348 3679 1445 3744 literis
1460 3663 1644 3759 minoribus,
1659 3682 1812 3762 rotundis,
1828 3683 2042 3773 elegantibus3

652 3791 764 3859 eidem
778 3797 828 3878 (ut
842 3791 979 3874 videtur)
994 3802 1096 3869 aeute,
1112 3789 1174 3877 qut
1192 3789 1354 3855 Homilioe.

595 3965 748 4034 Homiliis
764 3965 912 4054 Gregorij
927 3964 1061 4051 praefixn
1074 3963 1199 4030 fuerant
1214 3963 1371 4050 Copituln,
1394 3986 1466 4050 quoe
1480 3987 1566 4030 nunc
1580 3977 1686 4030 tumen
1700 3967 1937 4034 desiderantur:
1959 3982 2040 4036 utet

554 4078 698 4165 Epistola
711 4080 778 4164 ejus
792 4076 833 4142 nd
850 4075 1031 4143 Secundum
1047 4075 1351 4142 Tauromenitanum
1368 4074 1578 4162 Episcopum„
1589 4079 1640 4142 cui
1654 4101 1707 4144 ees
1722 4079 1889 4166 inscripsit.

469 4422 527 4490 12.
554 4411 750 4490 Gnnoonn
769 4411 954 4488 Hourmn
973 4436 1014 4486 ru
1032 4411 1245 4487 anmouns
1263 4411 1541 4486 Evnuosnrcns.

596 4561 751 4629 Homiliae
765 4573 839 4626 sunt
852 4561 983 4640 eosdem,
999 4526 1172 4649 eodemque
1186 4529 1297 4626 ordine
1312 4561 1472 4647 dispositos
1487 4559 1708 4647 quo'leguntur
1722 4559 1755 4624 in
1769 4559 1856 4626 libris
1871 4561 2041 4648 impressis.

597 4673 812 4763 Proefiguntur
833 4673 1028 4762 singulorum
1051 4671 1265 4738 Homilisrum
1281 4671 1441 4750 Exordis3
1463 4684 1500 4736 ut
1514 4683 1545 4735 et
1560 4671 1654 4736 Initio
1675 4671 1871 4758 singulorum
1892 4673 2041 4759 Copitum

552 4789 586 4851 in
600 4787 701 4852 tribus
715 4785 803 4850 libris
818 4784 858 4850 de
882 4785 968 4850 Curi
983 4783 1141 4870 pastorali.
1187 4783 1284 4848 Unde
1298 4783 1452 4870 conjicere
1467 4783 1549 4862 licet,
1573 4793 1604 4846 et
1618 4804 1672 4845 eos
1686 4781 1783 4846 libros
1805 4783 1838 4846 in
1860 4785 1972 4849 eodem
1987 4809 2041 4849 vo·

552 4897 671 4964 lumine
685 4897 761 4962 olim
770 4897 898 4985 junctos
912 4895 1025 4962 fuisse:
1042 4909 1074 4960 et
1087 4916 1172 4958 nunc
1186 4893 1412 4958 desiderantur.

598 5011 740 5096 Scriptus
755 5021 803 5074 est
823 5008 876 5074 hic
900 5006 1011 5074 Codex
1025 5007 1115 5072 lineis
1129 5006 1236 5071 diuisis
1247 5031 1255 5083 ;
1280 5007 1378 5071 literis
1393 5004 1549 5083 rotundis,
1572 5005 1653 5070 bene
1667 5003 1823 5084 formetis;
1848 5019 1921 5074 ante
1942 5031 2041 5073 annos

557 5131 631 5202 500,
647 5134 703 5186 out
716 5119 861 5207 amplius.

598 5234 638 5299 ln
652 5233 727 5298 folio
741 5234 864 5319 primos
889 5241 912 5276 ‘⁶
927 5231 1024 5298 Liber
1038 5231 1213 5321 assignatus
1236 5229 1380 5296 Librarie
1396 5227 1550 5328 Mo⁰chop
1566 5228 1708 5294 Dunelffl
1729 5253 1752 5316 p
1775 5229 1824 5294 M.
1844 5231 1959 5297 Willm
1974 5231 2040 5296 Eb-

555 5345 714 5412 “chestre
730 5345 884 5412 P'orem.'’

505 5446 509 5454 ’
598 5459 713 5527 Factus
739 5471 785 5526 est
809 5457 992 5525 erlelmus
1015 5455 1189 5524 Ebchestre
1213 5455 1306 5522 Prior
1328 5455 1369 5520 A.
1382 5453 1425 5520 D.
1445 5461 1546 5520 1446:
1569 5475 1699 5518 munere
1722 5475 1755 5518 se
1776 5453 1932 5520 abdicavit
1957 5474 2041 5518 mmo

556 5580 650 5640 145&
