4592 7850
776 1120 963 1176 ECCLESIAE
988 1123 1264 1180 numantiam.

36 1525 78 1600 C.
94 1520 172 1597 111.
189 1536 245 1606 18.
272 1527 351 1606 Gar
369 1526 553 1602 Svarorur
571 1519 816 1606 Taaxomrur
833 1547 884 1599 nr
901 1524 1003 1601 Vrra
1021 1527 1206 1603 Cusanum
1223 1551 1328 1604 amar
1345 1537 1420 1606 iit-1:

56 1621 152 1663 mmo·
312 1679 365 1744 Sic
382 1674 554 1760 incipiunt:
580 1670 676 1736 “Gai
699 1671 837 1758 Svetonij
860 1671 1038 1760 Tranquilli
1062 1673 1104 1738 de
1126 1675 1199 1741 Viti
1224 1675 1378 1742 Casurum
1399 1678 1479 1744 liber
1503 1678 1627 1764 primus
1645 1677 1757 1763 incipit

270 1799 292 1834 ‘⁴
305 1787 409 1855 Divus
422 1785 526 1850 Julius
540 1803 658 1846 annum
672 1803 769 1869 agens
785 1781 883 1846 Cesar
897 1794 1022 1847 sextum
1035 1782 1257 1849 decimum”--

313 1899 441 1966 Titulus
455 1920 475 1960 a
492 1895 562 1960 Gai
576 1893 617 1958 ad
630 1895 732 1961 Julius
745 1893 842 1958 literis
857 1894 1003 1973 miniatis,
1019 1895 1074 1960 sed
1089 1899 1356 1978 evanescentibus,
1370 1901 1526 1966 scribitur.

260 2051 262 2058 ,
314 2010 460 2076 Historia
475 2007 637 2072 Caesarum
652 2005 685 2068 in
706 2003 768 2068 hoc
784 2003 902 2068 Codice
917 2005 950 2068 in
971 2004 1139 2070 duodecim
1154 2007 1251 2072 libros
1265 2009 1472 2076 distribuitur.
1518 2011 1556 2076 1‹1
1568 2011 1686 2076 indicat
1700 2009 1757 2077 Iu·

269 2124 397 2210 scriptio
411 2122 443 2184 in
458 2119 547 2184 initio
560 2117 633 2182 libri
647 2117 748 2201 posita
756 2141 766 2194 ;
788 2117 878 2180 etita
899 2117 931 2180 in
946 2115 1010 2180 fine
1032 2117 1255 2184 subscribitur:
1281 2131 1301 2162 “
1313 2123 1350 2188 C.
1368 2123 1507 2209 Svetonij
1522 2123 1701 2210 Tranquilli
1715 2123 1759 2188 de

272 2245 293 2276 “
310 2235 382 2299 Vita
398 2233 549 2298 Cesarum
564 2227 644 2292 liber
659 2249 711 2291 x11
727 2226 864 2312 explicit
911 2226 1051 2312 Explicit
1064 2228 1267 2296 Domitianus
1282 2231 1441 2298 feliciter.”

315 2343 530 2430 Subjiciuntur
551 2339 727 2404 Domitiani
751 2339 823 2403 vitae
845 2338 886 2404 de
902 2338 1081 2404 Caesaribus
1104 2339 1153 2404 his
1175 2341 1342 2408 duodecim
1364 2367 1471 2410 versus
1487 2355 1539 2424 42,
1563 2347 1617 2432 qui
1639 2345 1692 2411 hic
1705 2347 1755 2411 di·

271 2471 385 2523 cuntur
399 2455 473 2542 (nisi
486 2455 586 2519 litera:
599 2452 753 2542 fugientes
767 2473 818 2516 me
833 2449 954 2532 fallant)
969 2472 1037 2515 esse
1053 2450 1185 2538 Sidouij,
1208 2455 1258 2518 vel
1275 2455 1416 2520 Sidomri.
1463 2457 1527 2521 Eos
1543 2471 1657 2534 autem,
1673 2455 1755 2522 frus-

270 2583 321 2635 tra
335 2571 367 2633 in
391 2567 510 2653 Sidonij
527 2565 720 2652 Apollinaris
739 2563 887 2652 operibus
909 2563 1066 2650 quaesitos,
1089 2563 1217 2629 tandem
1239 2569 1375 2654 Ausonij
1392 2592 1459 2632 esse
1474 2569 1587 2634 inveni.
1634 2569 1755 2634 Omnes

269 2681 334 2746 huc
347 2681 553 2746 transcribere
574 2699 640 2742 non
661 2677 762 2741 visum
775 2687 823 2740 est
844 2697 950 2762 operte
963 2675 1119 2760 pretimn:
1141 2673 1200 2740 hos
1215 2675 1248 2740 in
1263 2679 1421 2763 specimen
1435 2701 1613 2764 proponere
1627 2680 1758 2746 suffece-

272 2791 324 2858 rit.

446 2911 468 2946 ⁰⁴
483 2903 635 2967 Cesareos
652 2902 813 2978 Proceres,
829 2901 862 2964 in
877 2921 1011 2986 quorum
1026 2919 1124 2987 regna
1140 2899 1293 2966 Secundis

447 3023 469 3057 “
486 3012 677 3079 Consulibus
692 3011 812 3077 dudum
829 3011 975 3076 Romana
988 3011 1129 3094 potentia
1142 3012 1234 3076 cessit

447 3135 469 3168 “
484 3126 604 3211 Accipe
618 3125 749 3196 bisffisss:
773 3145 829 3187 sua
843 3143 999 3209 quemque
1014 3121 1187 3186 monostica
1201 3123 1304 3210 signat

447 3253 469 3288 “
485 3245 631 3322 Quorum
645 3266 703 3330 per
717 3243 843 3328 plenam
857 3241 969 3306 seriem
986 3242 1151 3306 Suetonius
1165 3241 1241 3304 olim

447 3364 469 3400 ‘⁶
484 3355 633 3432 Nomina,
649 3377 699 3419 res
712 3365 826 3442 gestas,
841 3353 1009 3438 vitamque,
1024 3351 1207 3437 obitumque
1221 3351 1371 3439 peregit'’

617 3551 745 3618 Deinde
762 3550 924 3615 casarum
938 3549 1077 3614 nomina.

448 3673 470 3707 “
486 3665 611 3730 Primus
628 3663 783 3752 Regalem
796 3660 943 3747 patefecit
956 3660 1060 3726 Julius
1074 3659 1179 3726 aulam

448 3784 469 3819 “
485 3777 603 3844 Cesar:
626 3787 658 3840 et
672 3775 819 3862 Augusto
833 3793 950 3836 nomen
964 3771 1169 3856 transcripsit,
1185 3781 1217 3834 et
1231 3773 1368 3836 arcem.'’

619 3885 709 3952 etsie
723 3884 764 3948 de
778 3883 917 3970 reliquis.

619 4083 748 4169 Imperij
763 4093 897 4167 tempus.

447 4195 586 4260 “Julius
601 4199 650 4280 (ut
663 4193 843 4280 perhibent)
859 4192 962 4258 Divus
977 4189 1135 4255 trieteride
1150 4203 1270 4278 regnat.

448 4315 470 4348 ‘⁶
485 4308 648 4395 Augustus
662 4318 735 4391 post
748 4306 847 4370 lustra
861 4305 971 4370 decem
985 4325 1042 4368 sex
1055 4315 1208 4390 prorogat
1221 4303 1351 4366 armos.'’

621 4422 651 4484 δι
666 4429 789 4484 caetera.

620 4619 747 4684 Deinde
762 4619 802 4684 de
819 4617 980 4684 Mortibus
995 4636 1115 4682 eorum.

451 4741 472 4773 “
488 4731 605 4819 Exegit
617 4752 715 4817 penas
730 4731 770 4796 de
786 4732 903 4796 Cesare
920 4729 1019 4794 Curia
1034 4726 1148 4792 mollis.

450 4853 472 4886 ‘⁶
487 4843 621 4908 Addidit
636 4843 816 4931 Augustum
831 4841 923 4908 Divis
939 4851 1061 4904 matura
1076 4849 1228 4903 senectus.
1273 4841 1352 4904 &c.’'

320 5043 448 5110 Desunt
470 5044 503 5106 in
528 5041 591 5106 hoc
618 5040 737 5106 Codice
763 5039 847 5104 Vitae
870 5037 1167 5114 Grammaticorum,
1195 5037 1380 5115 Rhetorum,
1409 5036 1546 5128 Horatij,
1574 5039 1706 5126 Lucani,
1729 5059 1762 5113 et

279 5155 383 5221 Pliui'.

321 5178 463 5351 Scliptus
478 5277 526 5329 est
538 5263 591 5328 hic
608 5263 720 5330 Codex
734 5263 825 5327 lineis
844 5261 1019 5338 continuis:
1041 5261 1139 5324 literis
1154 5259 1374 5340 mediocribus,
1390 5265 1542 5343 rotundis,
1559 5265 1766 5355 elegantibus.

277 5377 438 5443 Vetustior
463 5376 586 5440 videtur
608 5376 669 5440 illis
694 5375 782 5440 libris
814 5397 894 5462 quos
923 5373 1058 5438 describi
1082 5361 1202 5436 curavit
1224 5371 1407 5437 Willelmus
1433 5383 1496 5438 1¹⁰⁸·
1512 5375 1699 5464 Episcopus,
1722 5380 1764 5446 de

279 5491 398 5555 Sancto
415 5487 553 5553 Carileio
567 5486 689 5563 dictus;
704 5487 759 5573 qui
773 5485 852 5552 obiit
866 5483 954 5551 A.D.
973 5493 1066 5550 1099.
1113 5485 1247 5567 Superat
1262 5485 1357 5572 igitur
1371 5508 1439 5549 earn
1455 5499 1589 5554 aetatem.

322 5687 362 5754 In
376 5687 465 5752 initio
479 5685 570 5750 libri:
595 5693 616 5726 “
629 5684 693 5749 Iste
707 5683 787 5749 liber
802 5683 978 5773 assignatur
992 5703 1078 5746 nono
1099 5679 1267 5744 armariolo
1289 5680 1321 5744 in
1338 5679 1485 5746 Claustra
1501 5681 1610 5750 Eoclie
1622 5682 1763 5752 Dunelffi

280 5809 372 5886 “per
387 5797 609 5863 venerabilem
626 5797 752 5862 Patrem
770 5795 898 5885 Magim
913 5795 1027 5861 Joltem
1040 5792 1209 5858 Auklande
1226 5791 1317 5856 P⁸ori
1332 5793 1420 5880 ejusd
1435 5793 1574 5861 Ecciie.”

321 5909 461 5976 Joannes
474 5905 625 5972 Aukland
642 5907 733 5972 Prior
747 5907 807 5973 fuit
820 5909 861 5972 ab
876 5929 960 5972 anno
977 5913 1060 5970 1484
1075 5904 1116 5969 ad
1134 5913 1227 5970 1494.

320 6065 410 6132 [llunc
421 6065 531 6120 Librum
543 6082 603 6120 cum
615 6063 693 6120 editis
704 6066 818 6120 contulit
828 6065 895 6120 Edv.
907 6063 995 6132 Rudd,
1006 6061 1076 6119 Coll.
1087 6061 1292 6120 Trinemeia
1309 6063 1410 6122 Sosius
1426 6065 1495 6124 vide
1506 6065 1683 6138 collationem,
1692 6067 1769 6125 ctu.

279 6159 341 6214 sicul
352 6160 474 6228 round,
484 6159 547 6217 Vol.
557 6159 594 6216 ix.
604 6177 630 6232 p.
645 6159 805 6216 resarta.
840 6161 867 6216 J.
879 6159 925 6228 a]
