4640 7842
493 993 567 1072 806
1016 1013 1173 1068 contens
1199 1011 1455 1066 uanuscurrrr

256 1214 300 1290 B.
317 1211 387 1288 IV.
404 1215 468 1300 26,
593 1217 755 1284 uramus
798 1213 852 1280 Sic
865 1212 994 1300 incipit:
1019 1213 1197 1282 “Libellus
1212 1212 1333 1292 Abbas,
1355 1212 1406 1278 vel
1422 1210 1525 1290 Prior,
1541 1209 1586 1276 sic
1600 1231 1620 1276 a
1634 1229 1692 1276 suo
1706 1209 1864 1300 principio
1877 1215 1982 1281 nomi·

266 1309 389 1363 ΜΝ
597 1338 620 1374 “
633 1340 737 1406 natus,
752 1327 811 1392 etsi
825 1327 866 1392 sit
879 1325 1145 1412 permodicus”-

551 1441 715 1526 Scriptum
728 1437 886 1525 prioribus
901 1437 1009 1504 similis
1024 1451 1082 1518 est,
1097 1451 1130 1504 et
1143 1437 1284 1525 ejusdem
1299 1436 1422 1502 videtur
1436 1437 1546 1501 tentis.

552 1553 593 1619 ln
607 1552 671 1617 fine
686 1552 733 1637 (in
748 1550 872 1616 duobus
887 1550 993 1615 vacuis
1006 1549 1102 1634 foliis)
1117 1549 1306 1637 adjiciuntur
1320 1549 1362 1614 ab
1376 1548 1436 1615 alit
1450 1569 1547 1614 manu
1563 1547 1692 1614 Notulae
1705 1547 1870 1635 quasdam:

594 1665 655 1752 (1.)
678 1662 731 1728 De
745 1685 802 1727 esu
819 1661 973 1727 Carnium
990 1657 1159 1727 Monachis
1174 1657 1350 1726 interdicto.
1757 1659 1848 1724 Folio
1866 1670 1938 1727 181.

596 1776 656 1860 (8.)
680 1772 881 1851 Quutiones
896 1772 937 1837 de
951 1771 1089 1858 Jejunio.
1768 1769 1845 1836 folio
1862 1781 1933 1837 181.
1949 1772 1982 1838 b.

599 1887 659 1972 (s.)
674 1883 727 1952 De
742 1897 883 1970 tempore
897 1883 1092 1970 probationis
1107 1880 1343 1948 Monachorum
1357 1893 1430 1946 ante
1447 1879 1687 1947 Professionem.
1774 1879 1850 1946 lolio
1868 1891 1939 1948 188.

481 2059 530 2118 13.
554 2049 767 2117 Bassianus
782 2070 826 2116 ns
842 2049 1118 2114 Drscsnsarronn
1134 2067 1177 2111 un
1193 2045 1383 2112 Pascnmo.
1774 2047 1850 2112 folio
1867 2055 1938 2116 183.

557 2162 609 2228 Sic
623 2161 751 2247 incipit:
777 2169 798 2204 “
809 2159 962 2246 Dompno
977 2157 1095 2224 Abbati
1110 2155 1315 2223 Columbeusi
1341 2156 1394 2221 Fr.
1411 2157 1593 2222 Bernardus
1605 2157 1714 2222 Abbas
1725 2159 1825 2225 dictus
1836 2159 1877 2224 de
1890 2165 1987 2230 Clara
2070 2167 2084 2186 ¹

600 2270 729 2336 “Valle
750 2269 854 2336 velere
875 2269 908 2334 iu
924 2269 1066 2334 Domino
1080 2287 1214 2354 semper.
1260 2266 1462 2351 Rescriptum
1484 2289 1590 2332 meum
1610 2268 1651 2333 ad
1675 2268 1832 2354 Epistulas
1847 2272 1983 2340 duorum

605 2391 626 2424 “
643 2382 951 2449 Cannensium:
1052 2405 1057 2412 ·

561 2495 644 2562 Sunt
659 2493 773 2579 Capita
787 2502 849 2559 851
873 2505 906 2556 at
930 2492 964 2555 in
978 2490 1115 2556 editione
1140 2511 1273 2576 operum
1294 2487 1451 2554 chardi
1475 2487 1706 2556 Mabillouiaui
1732 2496 1835 2572 [tonso
1851 2495 1983 2562 2⁶⁰‘Col

604 2611 685 2687 560]
701 2613 744 2670 20
758 2617 881 2668 tantum
898 2601 1012 2688 Capita
1026 2613 1109 2666 sunt.

562 2715 734 2804 Subjicitur
750 2713 853 2780 Index
870 2713 991 2778 Rerum
1006 2711 1241 2798 alphabeticum
1256 2711 1290 2776 in
1305 2712 1393 2799 cujus
1409 2709 1472 2776 fine
1486 2711 1602 2800 legitur
1615 2711 1688 2777 libri
1704 2713 1842 2780 Titulus.

563 2827 728 2913 Scriptura
742 2849 762 2890 a
776 2823 990 2911 superioribus
1005 2822 1129 2888 diversa
1143 2835 1209 2900 est3
1224 2835 1257 2887 et
1270 2822 1366 2908 paulo
1380 2821 1536 2890 recentior
1550 2823 1683 2889 videtur.

562 2939 713 3006 Occurrit
726 2938 821 3002 etiam
835 2935 918 3000 infra
931 2933 984 3000 hic
998 2946 1159 3014 necatus,
1177 2934 1297 3000 Codice
1312 2943 1365 3000 41.
1380 2945 1470 3000 tract.
1490 2943 1540 3000 10.

485 3109 534 3166 11.
558 3097 723 3166 Monimo
736 3115 841 3162 rae-ra
856 3113 921 3159 rra
935 3091 990 3159 Jo.
1007 3091 1257 3158 Haurunuaca
1274 3091 1438 3158 Paronnu
1462 3091 1648 3176 [Dunelm.]
1667 3115 1706 3160 nr
1724 3095 1900 3165 Carrruuo
1915 3107 1989 3182 [an-

608 3214 781 3290 notina]
1780 3210 1945 3280 foliosoa.

563 3323 617 3388 Sic
631 3319 758 3404 incipit:
784 3317 902 3384 “Cum
916 3317 1073 3382 abdicatio
1086 3316 1287 3403 proprietatis
1302 3317 1343 3381 sit
1356 3316 1397 3381 de
1414 3317 1596 3384 Substantiri
1614 3318 1858 3388 Monachatlis.'’

563 3429 745 3510 Monachis‚
769 3430 822 3518 qui
848 3429 1009 3514 propriam
1032 3428 1169 3514 aliquam
1194 3429 1360 3514 pecuniam
1386 3427 1548 3506 haberent,
1574 3430 1666 3494 “nisi
1687 3430 1855 3496 duodecim
1877 3435 1991 3502 diebus

608 3553 630 3587 “
644 3565 714 3610 eam
738 3540 921 3619 revelarent,
956 3553 989 3605 et
1015 3539 1119 3605 Priori
1148 3561 1221 3604 curn
1246 3539 1360 3604 effectu
1394 3537 1611 3616 exhiberent,”
1637 3541 1994 3610 excommunicationem

607 3653 760 3739 majorem
775 3647 1004 3714 interminatur.

565 3763 676 3830 Lineoe
690 3763 822 3850 integrae
836 3772 928 3826 sunt:
953 3767 974 3802 “
986 3757 1104 3824 Literae
1118 3769 1228 3824 scum.
1275 3758 1400 3844 Scripta
1420 3757 1544 3823 videtur
1557 3759 1670 3824 eodem
1684 3757 1749 3826 lere
1763 3772 1907 3848 tempore
1920 3787 1989 3832 cum

611 3871 836 3960 superioribus.

569 3983 645 4050 Non
659 3983 774 4074 legitur
788 3983 822 4046 in
838 3979 1023 4068 Spelmm
1038 3976 1199 4044 Consiliis.

491 4157 541 4216 15.
565 4147 715 4214 Paruurr
732 4143 940 4210 cinnama
955 4141 1189 4208 Pnovrncrans
1205 4158 1432 4206 muscarum
1447 4159 1537 4206 aron
1554 4137 1819 4208 Nomnnnron:

1783 4253 1947 4322 foliatos.

568 4370 622 4438 Sic
650 4367 777 4452 incipit:
816 4365 937 4432 “Cum
967 4362 1161 4441 venerabilis,
1199 4373 1231 4426 et
1260 4360 1334 4428 Deo
1362 4361 1581 4428 devotissimus
1612 4362 1770 4430 Dominus
1802 4365 1991 4434 Benedictus

615 4487 638 4523 tr
654 4479 806 4563 Papu”-

570 4594 651 4659 Acta
665 4601 738 4656 sunt
751 4586 844 4674 primi
868 4585 1007 4672 Capituli
1029 4583 1234 4650 Provinciulis
1258 4583 1389 4650 Ordinis
1415 4585 1590 4674 Nigrorum
1613 4585 1847 4652 Monaohorum
1871 4587 1992 4654 North-

613 4714 759 4778 amtonoe‚
785 4707 983 4776 1111101338,
1005 4695 1171 4762 celebrati:
1194 4719 1266 4783 quoe
1288 4695 1381 4760 etiarn
1403 4697 1436 4762 in
1460 4696 1643 4782 Spelmanni
1659 4697 1873 4764 Conciliorum
1888 4698 1995 4766 Tomo

614 4815 661 4880 2⁶⁰
676 4811 773 4900 [Pag.
789 4815 881 4890 001]
896 4807 1053 4896 leguntur.

573 4925 736 5012 Scriptura
750 4922 860 4987 eadem
874 4933 923 4986 est
936 4941 1008 4984 curn
1025 4919 1204 4984 Monitione
1218 4917 1418 5005 precedenti.

572 5039 755 5104 Occurrunt
768 5035 882 5098 iterum
896 5031 966 5096 lucc
982 5033 1073 5109 Acta,
1091 5029 1172 5096 Cod.
1188 5039 1240 5095 41.
1256 5041 1345 5094 tract.
1364 5039 1414 5096 15.

495 5211 545 5269 16.
568 5201 663 5266 Aona
679 5196 846 5262 Carinum
864 5191 1117 5266 Pnonrucratrs,
1133 5209 1227 5254 anno
1246 5196 1328 5254 ltus
1344 5209 1540 5254 caussatur.
1806 5193 1858 5260 fol.
1875 5203 1948 5267 207.

573 5309 700 5377 Titulus
713 5306 767 5371 hic
781 5326 846 5368 non
860 5303 893 5366 111
908 5301 997 5366 initio
1012 5299 1068 5365 sed
1082 5299 1146 5364 line
1160 5299 1357 5365 adscribitur.

561 5421 648 5492 ,Fuit
661 5419 723 5482 hoc
739 5415 912 5504 Nigrorum
927 5411 1162 5478 Monachorum
1177 5411 1360 5496 Capitulum
1375 5411 1616 5478 Northamtonoe
1632 5413 1783 5481 habitum.

573 5533 657 5598 Acts
670 5529 715 5594 sic
729 5526 901 5612 incipiunt:
926 5523 1011 5590 “Ne
1027 5523 1157 5590 Patruus
1171 5499 1394 5588 venerabilium
1409 5523 1578 5588 laudabilia
1593 5525 1780 5590 Statuta”-

575 5643 671 5710 Edita
684 5651 791 5706 sunta
807 5637 954 5725 Reynero
976 5659 1017 5702 ex
1035 5635 1113 5717 [hoc
1127 5635 1176 5700 vel
1191 5633 1269 5716 alio]
1292 5633 1512 5720 Manuscripto
1527 5634 1745 5716 Dunelrnensi,
1761 5639 1795 5702 in
1809 5639 1996 5724 Apostolntu

620 5751 902 5819 Benedictinorum
916 5749 950 5813 in
965 5747 1092 5838 Anglii,
1114 5747 1148 5813 in
1168 5745 1355 5833 Appendice
1379 5745 1428 5810 8²²¹
1446 5767 1519 5833 pag.
1538 5751 1618 5814 170:
1641 5759 1753 5812 utnon
1767 5749 1800 5813 in
1817 5749 2001 5838 Spelmanni

621 5861 781 5928 Conciliis.

504 6031 508 6039 .
578 5975 709 6042 Horum
724 5975 880 6040 Actorum
894 5983 927 6039 et
940 5972 1138 6062 sequentium
1152 5970 1307 6058 scriptura
1320 5967 1431 6036 eadem
1445 5979 1492 6034 est
1506 5967 1730 6052 superioribus.
