4630 7860
800 979 986 1038 suessam
1010 978 1288 1038 nunmueusrs.
1724 967 1784 1053 ²67

72 1177 123 1252 A.
142 1178 212 1253 IV.
229 1191 285 1260 15.
362 1184 415 1250 Sic
429 1183 562 1248 desinit:
587 1193 609 1226 ‘⁶
620 1183 719 1248 Pasce
733 1201 809 1250 ores
821 1185 1174 1250 meas-*Pascere'dres
1196 1197 1244 1250 est
1257 1182 1419 1249 credentes
1439 1184 1474 1246 in
1489 1183 1618 1250 curuo
1632 1204 1674 1250 ne
1687 1205 1708 1250 e
1721 1187 1786 1254 fide

408 1305 430 1339 ⁶⁶
443 1295 592 1360 deficiant
605 1297 800 1376 confortare:
816 1297 872 1364 sed
887 1299 919 1362 in
931 1298 1010 1363 Fide
1023 1299 1123 1387 magis
1137 1310 1170 1362 et
1183 1299 1282 1386 magis
1295 1297 1470 1384 proficiant
1499 1293 1644 1376 Pacete,
1655 1305 1709 1362 est
1722 1311 1785 1364 ter·

408 1415 430 1450 ⁶⁶
443 1429 520 1472 rena
534 1407 682 1486 subsidia,
698 1409 731 1473 si
743 1421 871 1474 neoeme
885 1419 941 1486 est,
956 1409 1133 1495 providere,
1149 1423 1181 1474 et
1194 1409 1339 1493 exempla
1353 1408 1504 1473 vinutmn
1515 1427 1589 1474 cum
1601 1409 1702 1474 verbo
1715 1432 1789 1496 pre-

79 1276 205 1326 ΩυΔΙΊῸ.

410 1527 431 1562 “
445 1519 610 1584 dicationis
624 1521 805 1605 inpendere,
828 1521 1014 1586 adversariis
1035 1521 1197 1600 obsistere,
1216 1533 1355 1586 errantes
1377 1519 1518 1586 subditos
1540 1522 1706 1610 corrigere.
1753 1523 1788 1588 Si

409 1639 431 1673 ⁶⁶
445 1629 549 1718 diligis
563 1652 615 1694 me
636 1653 729 1715 pasce
744 1653 817 1696 oves
839 1651 943 1696 meus:
967 1651 1063 1708 meas,
1079 1653 1144 1693 non
1158 1642 1247 1695 tues:
1270 1653 1356 1694 meas
1371 1649 1454 1709 oves,
1478 1631 1536 1696 tibi
1557 1633 1791 1698 commendatus

410 1751 433 1784 ‘⁶
447 1743 541 1806 scito:
566 1755 601 1806 ut
614 1765 700 1807 meas
714 1765 799 1832 rege.
845 1743 989 1810 Gloriam
1003 1762 1106 1807 meam
1127 1742 1220 1806 ineis
1242 1763 1339 1827 quere
1354 1761 1418 1822 non
1440 1753 1537 1807 tuam.
1583 1744 1634 1809 Ne
1648 1758 1679 1810 te
1694 1769 1789 1824 emeS,

408 1851 499 1918 “sed
514 1875 584 1917 mc:
607 1875 648 1918 ne
662 1855 703 1917 sis
718 1854 945 1930 mercenarius:
960 1875 1001 1916 ne
1015 1853 1137 1916 lucrum
1147 1851 1290 1915 secteris:
1307 1873 1346 1914 ne
1361 1852 1473 1915 timore
1487 1853 1590 1930 cedas,
1607 1875 1647 1918 ne
1661 1855 1791 1920 eleveris

410 1973 431 2005 ⁶⁶
446 1963 588 2030 honore:
613 1964 754 2030 Mortem
768 1967 862 2032 etiam
883 1987 942 2050 pro
957 1964 1067 2028 ovibus
1082 1963 1159 2026 meis
1181 1963 1301 2047 patine
1323 1962 1441 2026 timeas.
1488 1963 1584 2028 Unde
1598 1967 1692 2030 etiam
1705 1981 1793 2052 post-

410 2085 432 2117 ⁶⁶
446 2099 540 2164 quam
561 2077 733 2163 pascendas
747 2101 831 2155 oves,
855 2079 876 2141 i.
885 2101 912 2142 e.
928 2075 1095 2152 docendas,
1120 2075 1226 2152 Petro,
1250 2074 1304 2161 qui
1325 2087 1372 2138 est
1393 2073 1495 2161 lignun
1517 2076 1657 2142 omnium
1673 2079 1794 2144 Docto-

411 2197 433 2230 ⁶⁶
447 2211 528 2266 runi,
551 2189 716 2267 commisit,
738 2188 965 2275 subsequenter
986 2185 1084 2264 addit,
1107 2184 1224 2262 dicens,
1250 2185 1364 2262 Amen,
1388 2186 1502 2265 Amen,
1518 2186 1600 2266 dico,
1624 2206 1794 2254 cumesses

411 2309 433 2342 ⁶⁶
442 2301 561 2386 junior,
577 2300 724 2387 cingebas
738 2313 779 2378 te,
796 2313 827 2364 et
842 2299 1024 2364 ambulabas
1040 2297 1094 2361 ubi
1108 2297 1264 2361 volebas?

369 2413 551 2498 Sequuntur
565 2411 638 2475 duae
652 2411 722 2475 aliae
738 2409 992 2487 Observationes,
1008 2429 1073 2472 non
1087 2407 1180 2493 hujus
1195 2407 1266 2485 loci,
1283 2407 1338 2472 sed
1353 2407 1496 2493 superius
1506 2409 1540 2472 in
1554 2409 1631 2476 locis
1646 2410 1690 2475 ibi
1703 2423 1794 2476 nota-

412 2523 451 2586 tis
466 2521 651 2586 inserendae.

312 2694 342 2749 3.
366 2641 569 2747 Tnicrurus
585 2703 629 2746 nn
646 2681 852 2746 annrrnrn.

369 2793 520 2878 Quinque
544 2792 639 2856 babet
663 2805 787 2876 partes:
812 2793 860 2877 (1)
886 2791 926 2854 de
942 2790 1160 2856 Destinctione
1180 2791 1276 2853 trium
1299 2791 1518 2854 Personarum.
1567 2794 1621 2876 (2)
1647 2792 1794 2858 adversus

412 2905 595 2970 Calumnias
613 2903 778 2967 Fidelium.
823 2903 870 2986 (8)
889 2901 1132 2965 Iuvectiones'in
1148 2901 1348 2965 Dialecticos.
1394 2903 1442 2986 (t)
1456 2902 1632 2967 Salutiones
1647 2903 1795 2969 adversus

413 3015 555 3102 Objecta.
601 3016 649 3100 (5)
664 3014 704 3078 de
719 3014 839 3077 ratione
856 3013 1024 3078 Credendi.

371 3127 425 3193 Sic
439 3127 565 3212 incipit:
590 3135 611 3166 ⁶⁶
625 3126 747 3190 Summi
761 3125 835 3188 boni
851 3124 1083 3210 perfectionem,
1095 3121 1180 3209 quod
1196 3124 1285 3188 Deus
1301 3134 1356 3201 est,
1373 3123 1441 3208 ipsa
1456 3124 1519 3189 Dei
1530 3127 1681 3210 sapientie
1696 3127 1796 3192 incar-

415 3249 498 3314 nata,
523 3235 667 3301 Christus
688 3235 846 3300 Dominus
868 3234 1084 3312 describendo,
1108 3233 1208 3297 tribus
1230 3233 1408 3298 nominibus
1430 3235 1597 3324 diligenter
1612 3236 1784 3302 distinxit.”

371 3349 423 3416 Sic
445 3348 577 3412 desinit:
603 3348 726 3412 “Sicut
748 3346 913 3410 Nestorius
936 3345 1148 3430 blesphemut3
1174 3343 1229 3407 sed
1257 3344 1367 3408 Homo
1389 3346 1422 3408 in
1438 3345 1520 3424 Deo,
1545 3348 1630 3412 etin
1653 3347 1795 3414 Homine

415 3469 436 3501 ‘⁶
451 3459 571 3524 Deusss’

371 3573 488 3638 Literae
503 3573 632 3636 minutae
647 3583 729 3636 sunt.
992 3569 1169 3654 Implentur
1183 3568 1258 3632 folia
1277 3577 1325 3632 11.

370 3712 410 3778 In
426 3713 515 3776 initio
529 3711 601 3774 libri
617 3710 686 3774 hmo
700 3724 776 3772 notu
788 3707 914 3796 legitur.

370 3831 392 3864 ‘⁶
408 3821 617 3909 Evangelium
631 3819 704 3886 Jolt.
989 3818 1119 3882 “Liber
1137 3818 1190 3882 sei
1206 3817 1338 3882 Cuthbti
1352 3817 1392 3882 de
1408 3817 1579 3883 Dunelm.”

371 3947 394 3979 ⁶⁶
410 3937 510 4002 Glose
525 3959 583 4021 sup
597 3935 721 4000 Jobem.
990 3931 1030 3996 ab
1045 3931 1104 3996 alis
1120 3954 1226 3994 manu.

373 4057 395 4090 ‘⁶
410 4048 578 4112 Tractatus
594 4045 633 4111 de
649 4045 815 4111 Trinitate.
990 4041 1105 4107 “dele
1121 4040 1376 4128 Splendement”

372 4159 456 4224 Cum
470 4171 555 4222 notae
569 4156 738 4242 superioris
754 4155 917 4238 Scriptura
937 4153 1019 4216 libro
1032 4153 1092 4237 ipsi
1106 4151 1215 4216 similis
1237 4153 1286 4230 sit,
1310 4151 1408 4216 videri
1421 4154 1529 4237 possit,
1548 4153 1698 4220 Codicem
1713 4155 1798 4221 hunc
1899 4223 1904 4230 ,

413 4271 446 4332 in
464 4267 661 4333 Monasterio
675 4267 744 4352 ipso
758 4263 950 4348 descriptum
964 4261 1067 4341 fuisse,
1084 4275 1156 4327 ente
1171 4279 1270 4328 annos
1285 4263 1408 4327 circiter
1419 4273 1493 4330 600.

370 4383 551 4447 Literumm
565 4379 666 4444 forme
680 4376 816 4442 rotunda
830 4389 887 4440 est.

230 4693 289 4771 16.
317 4689 846 4774 1..Evmosn1ouJomun1s,
867 4709 948 4759 curu
967 4685 1117 4760 Gnossu
1136 4709 1346 4760 onnrunnm
1362 4709 1409 4758 er
1428 4709 1710 4760 rursnmnnnrn.

373 4867 489 4932 Literae
503 4863 649 4928 rotundoe
663 4875 755 4926 sunt:
778 4862 811 4924 in
827 4859 934 4924 'l'extu
948 4863 1092 4947 majores,
1109 4861 1296 4926 Glossarum
1310 4860 1457 4924 minores.

317 5013 346 5072 2.
371 5007 467 5071 Bnns
483 5001 685 5068 Tunc‘mrus
702 5022 739 5065 ru
756 4999 909 5064 Tonmru.

374 5116 522 5182 Auctoris
536 5136 654 5178 nomen
669 5113 702 5175 in
717 5111 781 5176 fine
796 5111 921 5198 legitur.

374 5227 485 5293 Brevis
499 5238 547 5292 est
559 5225 706 5289 foliorum
721 5223 816 5286 trium
830 5220 964 5285 libellus.
1602 5295 1603 5298 Ἴ

374 5339 493 5404 Literae
507 5351 580 5402 sunt
594 5337 733 5413 minutae,
756 5331 911 5410 rotundae,
934 5330 1041 5419 quales
1056 5331 1089 5394 in
1111 5331 1272 5416 superiore
1288 5329 1422 5406 Glosse:
1444 5341 1476 5394 et
1490 5329 1531 5394 ab
1545 5329 1656 5395 eidem
1670 5330 1797 5418 quidem

416 5472 522 5514 manu.

321 5597 350 5654 8.
375 5585 538 5652 Horarum
554 5605 591 5648 ru
609 5581 729 5647 Mnncr
746 5581 864 5647 Curur
882 5587 931 5644 ll.
947 5598 1040 5643 vens.
1059 5585 1087 5655 l,
1103 5579 1133 5643 8:
1148 5597 1352 5660 ssounnrss.

375 5697 490 5762 Trium
504 5708 627 5760 tantum
642 5690 789 5758 loliorum
804 5703 860 5756 est

377 5809 501 5895 Scripta
514 5821 561 5873 est
573 5807 673 5872 literis
687 5803 840 5882 rotundis,
856 5800 1044 5888 majoribus3
1059 5799 1100 5864 ab
1114 5797 1174 5865 alit
1189 5797 1317 5886 quidem
1331 5821 1437 5882 manu,
1448 5821 1513 5868 non
1522 5811 1627 5870 tamen
1638 5803 1798 5884 dissimili3

420 5922 476 5988 sed
489 5921 599 5989 elidem
614 5925 664 6008 (ut
677 5919 814 6002 videtur)
829 5927 937 5995 estete:
953 5927 1026 5981 ente
1040 5935 1139 5980 sonos
1154 5913 1278 5980 circiter
1292 5915 1367 5982 600.
