4650 7852
787 1107 971 1161 accensus
998 1109 1271 1162 anmantuus.
1456 1104 1459 1112 ·
1721 1095 1771 1174 99

107 1305 138 1378 Β.
151 1301 194 1376 ll.
208 1309 241 1376 3.
350 1305 403 1370 Sic
417 1303 530 1370 desinit
546 1305 690 1371 Homilia
705 1316 777 1379 7⁰³¹:
803 1319 824 1352 ‘⁶
836 1309 972 1377 Oremus
994 1312 1086 1376 etiarn
1102 1323 1137 1376 ut
1151 1310 1212 1396 ipsi
1233 1331 1358 1398 qnoque
1372 1309 1490 1375 eisdem
1504 1309 1702 1396 perfruamur
1714 1315 1775 1379 bo·

113 1401 183 1440 iOLlO.

396 1429 418 1460 ‘⁶
432 1421 490 1498 nis,
506 1421 606 1508 gratia
621 1435 653 1486 et
666 1423 879 1490 misericordiis
894 1424 1026 1489 Domini
1040 1425 1139 1489 nostri
1152 1425 1230 1490 Jesn
1246 1423 1374 1503 Christi,
1396 1445 1455 1510 per
1469 1445 1563 1511 quem
1576 1437 1609 1492 et
1622 1449 1695 1492 eum
1709 1450 1774 1514 quo

397 1540 419 1573 ‘⁶
435 1533 546 1598 Gloria
562 1533 649 1598 Patri
664 1547 696 1599 et
711 1536 841 1621 Spiritui
858 1537 984 1615 Sancto,
999 1537 1032 1600 in
1049 1537 1162 1602 Secula
1177 1537 1372 1603 Seculorum.
1418 1538 1552 1601 Amen.”

296 1677 326 1732 8.
350 1666 551 1732 Taacrarus
568 1669 665 1734 Ranr
681 1668 730 1734 Μ.
1381 1745 1387 1758 ,

354 1779 404 1843 Ita
417 1791 545 1843 vocatur
559 1802 579 1843 a
599 1803 694 1845 manu
707 1781 809 1866 primi:
830 1782 864 1846 in
878 1781 942 1846 fine
955 1781 1044 1846 libri:
1067 1782 1101 1845 in
1122 1782 1211 1846 initio
1226 1787 1259 1867 (a
1280 1782 1418 1847 sectmdsl
1432 1803 1539 1862 manu,
1562 1784 1618 1849 sed
1632 1785 1774 1871 antiqua)

397 1903 526 1957 vocatur
538 1891 631 1978 Raby
646 1893 776 1960 Moises.
822 1894 903 1970 Quis
918 1894 970 1958 ille
984 1893 1087 1972 fuerit,
1103 1894 1243 1958 invenire
1256 1915 1389 1980 nequeo.

355 2005 407 2073 Sic
421 2007 547 2092 incipit:
572 2007 643 2072 “In
664 2009 790 2074 nomine
812 2009 944 2074 Domini
965 2007 1031 2074 Dei
1051 2008 1180 2073 mundi:
1205 2008 1323 2072 Notam
1343 2007 1393 2072 fac
1414 2008 1491 2072 mihi
1514 2010 1595 2073 viam
1609 2033 1667 2096 per
1681 2033 1776 2098 quam

398 2126 420 2160 ⁶⁶
434 2117 621 2184 ambulem.''
675 2120 775 2185 Paulo
800 2119 880 2185 infra
902 2120 1135 2207 Argumentum
1157 2119 1229 2182 libri
1250 2119 1405 2184 indicatur
1430 2119 1479 2182 bis
1501 2121 1624 2184 verbis:
1650 2121 1775 2185 “Istius

399 2229 506 2292 “libri
528 2230 660 2294 intentio
680 2232 783 2316 prima
802 2244 848 2297 est
869 2231 1026 2317 explicare
1048 2230 1241 2296 diversitates
1256 2232 1420 2296 nominum
1441 2231 1725 2322 que-inveniuntur
1746 2235 1780 2295 in

400 2347 422 2381 ‘⁶
435 2339 523 2404 libris
539 2341 832 2427 Prophetarum''-

358 2449 410 2514 stc
424 2450 557 2516 desinit:
583 2460 604 2492 ⁶⁶
615 2431 754 2538 Populus
769 2453 822 2539 qn
837 2453 1017 2518 ambulabat
1037 2453 1070 2517 in
1084 2453 1231 2532 tenebris,
1254 2453 1332 2518 viar
1353 2453 1456 2518 iucem
1470 2475 1634 2541 magnam:
1661 2456 1781 2520 seden-

388 2567 409 2601 “
424 2561 506 2625 tibus
521 2562 553 2625 in
568 2563 695 2648 regione
710 2564 821 2627 umbre
835 2564 954 2642 mortis,
970 2561 1026 2628 lux
1040 2563 1159 2628 orietur
1173 2564 1246 2628 eis.''

360 2671 521 2756 Scriptura
536 2673 644 2736 similis
658 2685 704 2738 est
718 2674 899 2738 tractatibus
914 2674 1172 2759 proecedentibus
1219 2675 1334 2760 Implet
1348 2674 1422 2738 folia
1437 2685 1489 2753 86,
1506 2699 1525 2738 a
1540 2685 1591 2752 56,
1609 2675 1648 2739 ad
1667 2685 1738 2740 142.

301 2817 331 2872 4.
356 2807 521 2873 Errsrona
544 2809 695 2876 Vansurr
722 2833 766 2875 au
794 2811 985 2876 Rnrrruuur
1009 2833 1146 2877 aureum
1172 2833 1267 2876 suum
1289 2832 1332 2876 ua
1359 2833 1432 2876 uon
1455 2831 1616 2876 nucarum
1639 2831 1779 2876 uxone:

358 2939 430 2984 cunr
446 2939 671 2984 exrosrrroua
687 2941 760 2984 sur.
805 2921 855 2984 Ita
868 2932 997 2986 vocatur
1011 2922 1043 2984 in
1058 2919 1131 2986 fine.

360 3027 502 3113 Epistola
516 3029 560 3092 sic
574 3029 702 3114 incipit:
727 3029 864 3116 “Loqui
878 3030 1057 3114 prohibeor,
1074 3041 1106 3095 et
1119 3043 1222 3095 tacere
1236 3051 1304 3096 non
1317 3034 1511 3118 possum”—

361 3141 526 3225 Expositio
539 3141 603 3205 sic:
627 3149 649 3182 ‘⁶
661 3141 700 3205 In
716 3140 851 3226 Epistoli
865 3141 981 3228 Valerij
998 3141 1086 3230 Mag¹
1112 3141 1152 3206 ad
1169 3142 1331 3206 Ruffinum
1347 3143 1482 3207 amicum
1497 3146 1653 3206 suum''-

359 3251 502 3336 Epistola
516 3253 560 3316 sic
574 3252 704 3317 desinit:
729 3255 818 3318 “Set
832 3276 872 3319 ne
889 3253 1034 3320 Orestem
1049 3255 1207 3340 scripsisse
1222 3255 1339 3332 videar,
1356 3255 1446 3318 Vale.

361 3363 527 3449 Expositio
541 3364 604 3429 sic:
630 3373 651 3406 ‘⁶
665 3367 719 3430 Set
733 3366 797 3430 sive
818 3366 910 3430 nimis
931 3366 1039 3444 multa,
1063 3367 1126 3430 sive
1148 3365 1240 3429 nimis
1262 3365 1414 3429 diminute
1437 3365 1580 3443 dixerim,
1604 3363 1697 3450 culpa
1710 3388 1781 3430 mea

404 3487 427 3520 ⁶‘
441 3490 488 3543 est
510 3491 543 3544 et
567 3479 762 3566 ignorantia:
788 3479 913 3567 Siquid
935 3480 1018 3557 satis,
1042 3476 1106 3543 Dei
1130 3501 1244 3544 munus
1267 3492 1299 3544 et
1312 3481 1435 3568 gratia:
1456 3480 1507 3543 cui
1522 3481 1561 3542 sit
1583 3479 1615 3541 in
1638 3491 1781 3542 eternum

402 3596 425 3631 ‘⁶
439 3590 540 3654 omnis
554 3589 656 3654 honor
671 3602 702 3654 et
715 3591 825 3678 gloria.
870 3591 1003 3654 Amen.”

362 3701 500 3790 Singulis
513 3723 595 3786 pene
611 3701 762 3786 Epistola:
778 3702 946 3766 Sententiis
962 3702 1132 3787 Subjicitur
1148 3701 1323 3786 Expositi0‚
1340 3697 1413 3766 satis
1427 3701 1560 3786 prolixa.

361 3812 456 3876 Edita
478 3826 525 3876 est
546 3811 616 3876 haec
632 3812 774 3896 Epistola
796 3812 836 3876 ab
852 3812 986 3877 Erasmo
1007 3825 1040 3877 et
1061 3812 1210 3877 Mariano
1231 3811 1373 3876 Victorio
1394 3813 1428 3875 in
1444 3811 1628 3897 Appendice
1650 3833 1782 3896 operum

407 3921 607 4008 Hieronymi.

365 4035 524 4100 ceterum
546 4036 673 4121 quinam
693 4034 810 4100 suerint
823 4035 967 4101 Valerius
984 4036 1135 4122 Epistolae
1156 4035 1248 4123 hujus
1264 4040 1395 4114 Auctor,
1419 4048 1451 4100 et
1471 4035 1618 4100 Ruffinus
1633 4035 1674 4099 ad
1689 4057 1782 4122 quem

406 4147 522 4233 scripta
536 4159 592 4225 est,
617 4148 754 4212 invenire
775 4148 916 4213 nondum
937 4150 1035 4234 potui.
1081 4151 1175 4216 Certe
1197 4172 1262 4213 non
1283 4149 1342 4214 fuit
1364 4150 1573 4236 Aquileiensis
1596 4149 1658 4227 ille,
1681 4150 1735 4234 qui
1749 4150 1783 4212 in

405 4259 502 4322 seculi
526 4259 563 4322 4⁸⁶
580 4257 653 4336 fine,
680 4270 711 4322 et
727 4257 763 4324 5⁶
778 4259 867 4322 initio
890 4259 1019 4323 claruit:
1042 4259 1100 4323 fuit
1115 4261 1197 4323 eninr
1219 4259 1270 4323 hic
1283 4259 1452 4344 Presbyter
1473 4274 1505 4322 et
1529 4257 1727 4334 Monachus3
1750 4271 1782 4322 et

404 4367 504 4431 multa
517 4367 629 4431 itinera
644 4379 675 4432 et
688 4368 877 4446 discrimina,
901 4367 984 4432 addo
998 4369 1101 4447 etiam,
1124 4368 1252 4432 dissidia
1267 4381 1298 4432 et
1313 4368 1482 4433 certamina
1496 4368 1584 4446 obiit,
1611 4381 1646 4431 ut
1668 4369 1708 4432 de
1722 4367 1781 4432 du-

405 4478 503 4544 cendi
518 4500 617 4543 uxore
631 4501 792 4566 nunquam
814 4480 965 4568 cogitasse
978 4480 1129 4544 videatur.
1175 4479 1218 4543 Et
1239 4503 1313 4543 sane
1329 4480 1479 4565 Epistolae
1494 4479 1581 4545 stilus
1596 4481 1737 4567 impurus
1752 4493 1785 4544 et

403 4591 557 4656 barbarus
572 4593 645 4656 satis
667 4592 811 4671 ostendit,
835 4607 994 4657 auctorem
1008 4615 1072 4656 non
1088 4594 1120 4656 in
1143 4593 1247 4656 seculo
1263 4595 1308 4656 4²⁰
1324 4597 1400 4678 (quo
1415 4593 1520 4656 Latini
1536 4595 1686 4657 sermonis
1696 4594 1784 4678 puri·

406 4715 453 4768 tas
468 4727 531 4768 non
546 4706 670 4792 penitus
684 4706 874 4788 exoleverat)
889 4706 944 4770 sed
958 4728 1043 4771 nono
1057 4706 1161 4791 potius
1176 4719 1230 4770 aut
1243 4704 1365 4770 decimo
1379 4707 1501 4772 vixisse.

364 4815 474 4880 Lineae
499 4816 669 4882 dimidiatae
692 4830 786 4894 sunt;
813 4817 929 4882 Literae
953 4817 1126 4882 mediocres
1149 4821 1182 4881 in
1207 4817 1323 4896 Textu,
1348 4819 1484 4882 minores
1508 4821 1539 4882 in
1566 4819 1782 4905 Expositione.

410 4927 572 5012 Scriptura
586 4927 703 4991 crebris
718 4927 1001 4994 abbreviationibus
1015 4928 1149 4993 obscura
1162 4941 1194 4992 et
1207 4929 1291 4993 lectu
1308 4928 1441 4994 difficilis
1455 4929 1606 4993 redditur.
1652 4928 1785 4993 Habere

408 5037 529 5102 videtur
543 5061 642 5103 annos
658 5048 731 5118 300,
747 5049 801 5102 ant
814 5037 930 5122 plures.

223 5353 257 5420 l.
283 5347 511 5424 Tracrarus
529 5356 587 5438 14,
606 5375 766 5432 quonum
784 5377 924 5427 paruus
941 5377 1018 5427 nsr.

312 5507 339 5561 1.
361 5497 471 5562 Jonas
487 5497 725 5563 Cursosronus
741 5520 812 5564 sur.
829 5498 1013 5577 Mirabar,
1027 5518 1098 5564 cunr
1113 5518 1201 5562 sans
1216 5518 1263 5562 xx
1277 5519 1393 5562 ruaer.

364 5608 490 5674 Titulus
504 5609 557 5673 hic
578 5620 625 5673 est
644 5633 663 5672 a
684 5632 780 5674 manu
794 5611 929 5674 secundi
946 5609 1001 5674 sed
1026 5609 1170 5697 antiquit:
1194 5609 1327 5694 oprimi
1349 5630 1424 5673 vero
1447 5607 1518 5685 bic;
1541 5607 1620 5672 Jolis
1637 5598 1725 5672 C¹so⁹
1747 5608 1781 5672 in

405 5718 542 5807 inpfecto
556 5743 615 5806 sup
631 5719 766 5785 Matltnr.

365 5830 418 5896 Sic
438 5829 564 5915 incipit:
599 5839 621 5873 ‘⁶
631 5831 719 5896 Sicut
741 5829 888 5909 referunt,
918 5829 1043 5896 Matttm
1072 5830 1269 5896 conscribere
1296 5830 1502 5916 Evangelium
1525 5853 1618 5894 causa
1641 5830 1781 5916 conpulit

405 5942 540 6007 talis„-

364 6052 614 6121 Commentarius
639 6065 686 6120 est
710 6053 744 6118 in
767 6051 957 6120 Matthaeum
979 6053 1188 6139 imperfectus,
1216 6053 1442 6143 tnrysostomo
1462 6051 1541 6120 falso
1563 6059 1612 6140 (ut
1625 6053 1782 6140 plerisque
