4630 7860
527 1091 579 1162 88
1047 1107 1204 1162 consuas
1228 1107 1483 1160 usuuscnrrsr

284 1307 414 1384 A.111.
431 1319 489 1388 12,
615 1318 637 1352 “
653 1308 751 1374 Filius
762 1327 879 1374 t-non
893 1317 941 1372 est
956 1306 1091 1392 Spiritus
1107 1309 1240 1374 Seucms
1250 1321 1350 1374 t-est
1363 1307 1482 1374 Divina
1494 1307 1648 1376 Essentia.
1687 1311 1785 1378 Filius
1799 1333 1864 1380 uon
1875 1327 1924 1382 est
1934 1315 1995 1382 Pe·

297 1405 414 1496 „53¹6ss
616 1431 638 1468 “
652 1435 701 1488 ter
711 1441 828 1487 r-non
849 1430 897 1484 est
921 1419 1055 1504 Spiritus
1080 1419 1325 1486 Sanctusr-est
1348 1421 1467 1488 Divina
1490 1423 1643 1490 Fauentia.
1701 1427 1836 1512 Spiritus
1860 1429 1994 1496 Sanctus

618 1543 640 1576 “
654 1555 718 1598 non
733 1545 780 1597 est
796 1531 1018 1597 Patent-non
1032 1544 1080 1596 est
1095 1531 1193 1598 Filius
1204 1545 1305 1598 r-est
1319 1533 1438 1598 Divina
1453 1535 1626 1602 Essentia'’

573 1647 613 1712 lu
627 1645 741 1734 pagins
756 1644 886 1710 adversi
908 1643 973 1708 duo
987 1657 1060 1710 sunt
1076 1645 1190 1722 Scuta3
1213 1645 1346 1712 alterum
1361 1649 1541 1728 rotundum,
1564 1650 1697 1716 ulturum
1711 1651 1908 1739 quadratum.
1954 1655 1993 1720 In

614 1756 762 1835 rotundo,
782 1756 961 1822 inscribitur
982 1756 1015 1820 in
1032 1755 1160 1822 Ceutro.
1206 1765 1228 1798 “
1240 1756 1332 1822 Bona
1345 1757 1524 1824 voluntes:”
1550 1761 1583 1824 in
1598 1775 1732 1848 quatuor
1753 1763 1843 1828 lineis
1864 1763 1906 1830 ad
1922 1763 1993 1830 Cir-

613 1867 849 1954 cumferentiam
863 1866 983 1938 ductis=
1006 1867 1083 1932 etin
1105 1867 1172 1953 ipsd
1196 1867 1464 1950 circumferenda,
1492 1872 1654 1938 Sententia
1676 1872 1744 1940 baec
1765 1875 1929 1962 quinquies
1944 1897 1993 1942 re-

612 1980 776 2064 petita-“
784 1977 868 2042 Volo
882 1999 933 2042 me
945 1975 1062 2042 habere
1076 1977 1117 2042 ad
1131 1979 1237 2042 omnia
1251 1979 1331 2044 sicut
1344 1978 1461 2046 habere
1475 1981 1605 2047 debeo.”

571 2089 610 2156 ln
627 2091 724 2156 Scuto
739 2089 902 2177 quadrato,
924 2087 1070 2154 scribitur
1084 2089 1117 2154 in
1133 2089 1253 2154 Centro
1277 2091 1411 2156 “Amor
1425 2091 1626 2156 ordinatus:”
1649 2093 1682 2158 in
1697 2107 1831 2180 quatuor
1845 2095 1993 2184 Angulis,

614 2210 636 2244 “
654 2211 681 2266 1.
704 2201 804 2268 Deus.
846 2209 876 2266 8.
892 2201 1033 2266 Amicus.
1064 2211 1094 2266 8.
1110 2201 1269 2266 Inimicus.
1314 2211 1345 2266 4.
1362 2210 1383 2243 ‘⁴
1394 2201 1485 2268 Bona
1499 2203 1711 2289 temporaliu.”
1742 2205 1782 2270 ln
1798 2205 1905 2271 Lineis
1915 2205 1994 2272 duc-

612 2314 652 2379 tis
666 2325 734 2378 tum
748 2337 768 2377 s
783 2313 902 2378 Centro
923 2311 964 2376 ad
986 2311 1140 2400 Angelos,
1167 2325 1234 2378 tum
1247 2313 1338 2382 inter
1359 2313 1443 2400 ipsos
1466 2315 1621 2402 Angulos
1647 2329 1867 2402 proponuntur
1889 2316 1994 2408 Leges

612 2425 726 2512 quibus
741 2427 842 2492 Amor
856 2421 995 2488 ordinari
1009 2421 1112 2488 debet

569 2561 589 2602 a
603 2537 677 2602 Deo
691 2535 732 2602 ad
748 2537 900 2600 Amorem
914 2533 1112 2604 ordinatum:
1137 2543 1158 2575 “
1170 2535 1267 2598 Amat
1281 2534 1374 2600 telem
1390 2536 1489 2622 qualis
1504 2551 1568 2616 est3
1584 2549 1669 2604 umet
1682 2551 1717 2606 ut
1731 2538 1851 2606 fruetur
1865 2542 1928 2604 se.’'

611 2649 652 2712 od
668 2647 833 2712 Amicumt
858 2654 879 2687 “
891 2647 987 2710 Amat
1002 2645 1095 2710 talem
1110 2645 1210 2732 qualis
1224 2659 1288 2710 est:
1305 2659 1340 2710 ut
1354 2645 1475 2712 fruatur
1489 2651 1552 2714 se.'’

609 2758 651 2822 ad
666 2757 852 2824 lnimicmn:
877 2756 989 2823 “Odit
1003 2757 1096 2822 talem
1111 2757 1211 2843 qualis
1225 2769 1291 2834 est3
1306 2771 1391 2824 arnst
1405 2773 1440 2824 ut
1454 2759 1494 2824 sit
1507 2759 1615 2824 alter.''

566 2870 606 2936 ab
622 2869 736 2936 Amico
750 2869 790 2934 ad
806 2869 932 2934 Deum:
958 2877 980 2912 “
992 2870 1088 2932 Amat
1101 2867 1142 2930 ad
1156 2867 1352 2932 fluendum.”

609 2981 650 3046 ad
667 2981 759 3046 Bona
772 2978 970 3064 temporalia:
996 2987 1017 3020 “
1029 2979 1126 3045 Amat
1139 2977 1180 3042 ud
1194 2979 1375 3044 utendum.”

608 3092 650 3158 ad
666 3093 818 3156 Amorem
832 3090 1029 3156 ordinatum:
1055 3091 1185 3154 “Amat
1198 3103 1234 3154 ut
1247 3113 1280 3154 se
1294 3091 1327 3154 in
1342 3090 1446 3156 Deo.”

518 3253 522 3258 .
567 3203 608 3268 ab
623 3203 757 3268 Inimico
770 3203 811 3268 ed
827 3203 953 3268 Demn:
978 3211 999 3244 “
1011 3201 1090 3268 Odit
1102 3203 1298 3287 punitorem:
1314 3202 1424 3290 diliget
1437 3201 1478 3266 ad
1493 3201 1673 3271 utendum-'²

609 3314 652 3381 od
667 3313 759 3378 Bona
772 3313 974 3400 temporalia:
999 3322 1021 3356 “
1031 3315 1126 3380 Amat
1140 3313 1181 3378 ad
1195 3313 1392 3378 fruendum.”

610 3427 651 3492 ad
667 3427 818 3491 Amorem
832 3427 1029 3490 ordinatum:
1055 3433 1076 3466 “
1088 3425 1195 3490 odit.”

567 3537 608 3604 ab
623 3539 742 3603 Amore
757 3536 901 3602 ordinato
915 3537 956 3600 sd
971 3535 1097 3600 Deum:
1122 3545 1143 3575 ·‘
1152 3537 1248 3600 Amat
1262 3536 1303 3600 ud
1316 3534 1512 3602 fruendum.”

610 3649 650 3714 ad
666 3649 834 3716 Amicum:
860 3649 989 3714 “Amat
1003 3661 1038 3710 ut
1052 3669 1085 3711 se
1100 3647 1131 3710 in
1147 3646 1249 3712 Deo.’'

611 3761 651 3826 ad
667 3761 852 3826 Inimicum:
878 3767 899 3800 “
911 3761 1007 3824 Amat
1023 3771 1056 3822 ut
1071 3781 1103 3823 se
1117 3772 1246 3844 propter
1262 3759 1397 3824 Deum.’'

610 3873 652 3940 ad
668 3873 759 3938 Bona
773 3870 976 3956 temporalia:
999 3855 1021 3911 “
1037 3872 1133 3934 Anmt
1147 3869 1187 3934 ad
1202 3870 1382 3935 utendum.”

513 3963 518 3970 ’
568 3985 606 4051 ln
622 3983 684 4048 ime
706 3982 821 4070 pagine
847 3993 894 4046 est
909 3979 1032 4046 Globus
1047 4003 1119 4044 cum
1141 3980 1230 4046 lineis
1252 3981 1451 4046 transversim
1473 3979 1585 4060 ductis,
1608 3981 1641 4044 in
1663 3983 1750 4068 cujus
1772 3981 1910 4048 extremi
1932 3983 1987 4048 ord

610 4093 891 4160 circumscribitur:
916 4099 938 4134 “
950 4089 1093 4156 Tentura
1115 4090 1322 4156 irradiationis
1344 4091 1431 4178 cnjus
1453 4089 1655 4178 pulchritudo
1676 4091 1736 4158 hec
1750 4093 1851 4184 figuris
1873 4093 1989 4160 descri-

611 4214 633 4248 “
646 4205 761 4269 bitur.”

476 4345 481 4352 ·
570 4319 751 4404 Sequuntur
766 4313 1008 4380 Observationes
1024 4312 1187 4400 quiedam:

567 4427 620 4494 De
634 4427 801 4492 Jnuunro:
840 4423 909 4488 Fol.
929 4433 978 4488 14.
993 4447 1020 4488 c.
1037 4435 1066 4490 8.

569 4539 621 4606 Sic
635 4537 729 4623 incip‘
744 4561 752 4601 t
777 4535 966 4623 “Jejunium
980 4559 1000 4600 a
1013 4535 1090 4600 cibis
1105 4537 1318 4622 corporalibus
1339 4559 1451 4624 pamm
1466 4549 1521 4604 aut
1535 4535 1631 4602 nichil
1645 4535 1783 4624 prodest,
1806 4537 1866 4602 nisi
1881 4537 1924 4602 sic
1939 4539 1986 4602 in·

612 4655 634 4690 “
648 4647 799 4714 lomuatur
813 4647 868 4710 illo
881 4668 997 4734 magno
1006 4647 1126 4734 jejunio
1140 4658 1172 4711 et
1185 4648 1388 4736 generali'-

568 4759 607 4826 In
623 4759 707 4825 Luc.
733 4766 782 4823 ll.
809 4766 857 4823 14.
903 4755 953 4820 Es
978 4775 1066 4820 surr
1088 4755 1189 4822 Jssus
1216 4778 1350 4824 stersus
1375 4779 1576 4838 namuurun,
1602 4779 1644 4824 nu
1670 4781 1707 4824 sn
1733 4779 1821 4824 unns
1847 4779 1983 4824 nuruis.

610 4869 679 4936 Fol.
697 4877 746 4934 14.
761 4868 820 4932 col.
837 4879 867 4934 1.

569 4982 621 5049 Sic
635 4980 752 5066 incip‘:
778 4977 942 5067 “Legitur
956 4978 988 5041 in
1003 4977 1066 5042 fine
1083 4977 1242 5068 Evangelij
1266 4979 1351 5067 quod
1365 4981 1500 5068 quedem
1515 4980 1628 5046 mulier
1642 4981 1673 5044 in
1689 4981 1901 5066 predicatione
1915 4981 1985 5046 Do-

610 5101 633 5134 “
646 5089 724 5154 mirri
737 5110 844 5153 amore
859 5089 925 5174 ejus
939 5109 1071 5152 accensa
1085 5087 1229 5154 dixie’-

568 5205 609 5270 lu
624 5203 751 5270 Jnnsu.
770 5209 819 5265 18.
837 5209 887 5265 18.
932 5199 1066 5266 Vsusne
1082 5221 1275 5266 coorrsuus
1290 5223 1422 5268 concas
1438 5203 1632 5268 ananmn.
1678 5201 1747 5267 Fol.
1767 5211 1816 5270 15.
1832 5201 1892 5268 col.
1909 5210 1940 5268 8.

567 5317 619 5384 Sic
634 5314 727 5400 incip‘
742 5338 750 5376 :
774 5310 849 5375 “Et
862 5321 982 5376 estvox
996 5309 1169 5376 Judeorum
1184 5311 1225 5376 ad
1239 5313 1483 5379 interfectionem
1500 5313 1618 5379 Christi
1634 5314 1909 5400 conspirantium.”

566 5427 608 5493 lu
624 5425 757 5492 Mense.
772 5433 804 5488 4.
819 5431 849 5487 8.
895 5421 1057 5488 Osrsrun
1079 5442 1175 5487 voars
1196 5445 1406 5490 rrusnrruus
1422 5445 1545 5490 nonen
1568 5445 1673 5491 nsum
1691 5426 1926 5493 Soulusrrrru
1941 5445 1985 5490 sc

610 5537 754 5601 Snurras
769 5554 808 5598 ru
823 5555 945 5600 rsuurs
961 5553 1052 5620 spus.
1098 5532 1166 5598 Fol.
1186 5543 1235 5600 16.
1250 5535 1310 5600 col.
1329 5545 1356 5600 1.

567 5647 620 5712 Sic
633 5645 727 5730 incip‘
742 5669 750 5708 ε
775 5653 797 5687 “
808 5643 972 5708 Excecatis
986 5663 1050 5707 non
1065 5657 1113 5708 est
1129 5643 1183 5710 Sol
1198 5645 1230 5708 in
1248 5645 1463 5711 Solatium”-

566 5755 608 5822 lu
623 5753 707 5820 Luc.
722 5763 752 5820 8.
768 5762 820 5820 88.
865 5755 1013 5820 Aecum
1029 5753 1165 5820 Srnsou
1181 5773 1324 5819 ruunust
1340 5757 1453 5822 Jssum
1469 5779 1507 5824 ru
1524 5779 1641 5824 unuss.
1687 5757 1755 5823 Fol.
1775 5765 1823 5822 16.
1840 5755 1899 5821 ool.
1914 5763 1948 5820 8.

565 5868 618 5935 Sic
632 5865 726 5953 ineip‘
741 5890 749 5930 :
773 5863 974 5931 “Sciendum
988 5863 1134 5951 estquod
1149 5864 1230 5929 sicut
1250 5865 1302 5929 ille
1316 5867 1436 5952 aceepit
1449 5891 1521 5934 eum
1541 5871 1582 5936 ad
1597 5871 1719 5936 literam
1734 5867 1778 5934 sic
1792 5878 1825 5935 et
1838 5889 1895 5934 nos
1909 5889 1984 5955 pos·

608 5985 631 6020 “
646 5997 753 6041 sumus
767 5997 838 6040 eum
853 5973 1081 6061 spiritualiter.”

565 6088 607 6155 lu
623 6087 707 6154 Luc.
723 6095 753 6152 8.
768 6093 820 6152 tt.
865 6085 961 6150 Eunu
976 6105 1166 6151 snscraus
1181 6107 1473 6158 cousousrronsn.
1518 6090 1599 6158 Ibiu

567 6199 620 6270 Suc
634 6198 729 6286 incip‘
743 6222 752 6264 :
776 6207 798 6242 “
807 6197 858 6266 lta
871 6209 903 6265 et
916 6217 974 6264 nos
988 6195 1185 6264 delium-
