4630 7860
502 1115 552 1196 74
1019 1127 1176 1182 conrcss
1200 1123 1454 1182 suriusorurrr

263 1327 312 1403 A.
332 1323 400 1401 IV.
411 1335 470 1406 24.
595 1326 762 1394 convenire
782 1325 865 1392 libro
879 1324 945 1390 toti.
991 1324 1030 1390 In
1052 1325 1150 1410 priori
1164 1325 1247 1389 enirn
1269 1337 1358 1410 parte
1381 1329 1466 1410 (quse
1486 1321 1582 1388 hebet
1601 1319 1970 1406 fontemmortuum

275 1423 393 1467 mm·
598 1441 722 1528 Hymni
736 1437 873 1526 quidam,
896 1449 928 1502 et
944 1435 1058 1502 Preces
1072 1459 1090 1502 e
1106 1435 1269 1502 Breviorio
1285 1437 1444 1515 Collectoe,
1467 1449 1499 1502 et
1513 1434 1686 1502 secundum
1699 1434 1844 1503 ordinem
1861 1437 1969 1508 Festo-

594 1571 666 1615 rum
680 1548 848 1634 dispositos.

554 1663 702 1751 Sequitur
712 1661 895 1728 ¹Ponitentin
916 1659 1071 1749 generalis
1086 1660 1118 1723 in
1134 1659 1313 1737 Dominici,
1336 1671 1368 1724 et
1389 1661 1500 1724 ceteris
1514 1659 1625 1726 diebus
1638 1661 1829 1746 Septimum
1849 1683 1907 1749 per
1922 1677 1970 1730 to·

594 1787 663 1843 tum
684 1797 812 1852 annum,
836 1773 891 1840 ubi
912 1795 977 1838 non
995 1773 1129 1838 hebetur
1144 1773 1193 1838 vel
1214 1773 1386 1861 injungitur
1408 1773 1477 1852 aiis,
1505 1772 1546 1838 ad
1560 1773 1794 1862 secundumque
1807 1774 1971 1844 arbitrium

597 1885 793 1954 confessoris
807 1885 952 1974 augenda
972 1885 1022 1950 vel
1036 1885 1214 1951 minuenda.
1260 1885 1392 1950 Constat
1409 1883 1470 1950 hoc
1486 1883 1634 1951 Officium
1648 1907 1690 1951 ex
1706 1887 1838 1952 Psalmis
1852 1889 1972 1977 aliquot

598 1997 879 2075 Poenitentinlibus,
895 2008 927 2062 et
942 1995 1155 2062 Orationibus.
1201 1995 1311 2060 Habet
1324 1995 1398 2060 folia
1416 2005 1464 2061 18.

557 2111 738 2198 Sequuntur
758 2107 900 2175 Exordia
922 2107 1111 2174 Orationum
1135 2105 1272 2193 oiiquot3
1295 2117 1327 2170 et
1348 2105 1410 2170 alio
1430 2103 1575 2194 quoedsm
1596 2104 1659 2172 huc
1681 2108 1868 2194 spectantis:
1891 2108 1971 2176 foliis

602 2231 652 2288 10.

558 2333 699 2418 Scriptus
714 2345 761 2397 est
781 2330 833 2396 hio
849 2329 961 2396 Codex
982 2329 1015 2392 in
1031 2325 1229 2405 Menbmnt,
1253 2347 1272 2391 s
1292 2325 1434 2413 pluribus
1451 2327 1568 2393 Scribis
1589 2349 1654 2394 non
1668 2328 1878 2420 ineleganter:
1900 2343 1972 2398 oute

600 2465 700 2508 annos
716 2453 791 2522 300,
805 2455 860 2507 out
873 2440 1017 2527 amplius.

418 2883 478 2954 25.
503 2873 624 2967 Lusus
641 2874 877 2950 Onsrrorrunr
894 2897 942 2948 nr
960 2871 1269 2948 Msnrrsrronunr
1288 2871 1505 2948 Sncnnnuu.

560 3048 680 3114 Proetsr
703 3047 809 3134 plures
833 3043 1000 3112 Orationes
1025 3041 1066 3108 ed
1089 3042 1196 3108 Deum
1219 3053 1251 3108 et
1281 3042 1422 3120 Sonotos,
1460 3041 1512 3108 hie
1534 3041 1713 3109 inserunon
1742 3043 1977 3132 Meditctiones,

504 3159 630 3238 scilicet,

507 3351 535 3408 1.
559 3341 612 3406 Ad
628 3339 802 3406 Dominum
817 3338 926 3403 Jesnm
953 3337 1124 3416 Christum,
1148 3359 1219 3402 curn
1239 3335 1455 3402 recordatione
1477 3337 1700 3404 beneficiorum
1722 3363 1861 3422 suorum,
1884 3356 1916 3410 et
1938 3345 1980 3412 ed

605 3449 839 3550 accendendum
854 3469 993 3513 amorem
1009 3450 1041 3512 in
1057 3449 1169 3534 ipsum.

564 3589 616 3657 Sic
631 3587 758 3672 incipit:
782 3585 954 3651 “Domine
968 3585 1044 3650 Jesu
1061 3583 1250 3650 Christe”-
1861 3589 1929 3654 For
1946 3598 1977 3656 2.

507 3731 537 3788 2.
561 3721 647 3788 Lsus
662 3741 782 3786 summe
798 3719 971 3796 Trinitatis,
986 3740 1046 3804 pro
1060 3717 1219 3782 beneficiis
1234 3717 1266 3780 in
1282 3717 1395 3802 quibus
1409 3717 1651 3785 misericorditer
1665 3741 1723 3786 nos
1737 3723 1883 3808 respexit
1929 3723 1982 3790 sic

607 3837 732 3922 incipit:
757 3843 778 3878 “
789 3835 839 3900 Te
853 3855 1007 3900 summam
1021 3845 1053 3897 et
1067 3831 1324 3896 individuam”-
1861 3837 1929 3903 Fol.
1945 3844 1975 3907 7.

509 3984 538 4040 8.
562 3974 615 4039 Ad
631 3971 779 4038 Mariam.
1887 3983 1935 4041 ll.

567 4087 619 4152 Sic
635 4085 761 4170 incipit:
786 4089 807 4124 “
820 4081 935 4158 Moris,
952 4093 986 4144 tu
1001 4079 1054 4144 illo
1068 4101 1183 4168 mogus
1198 4077 1367 4144 Muris”-

511 4229 541 4285 4.
565 4219 618 4284 Ad
634 4217 806 4282 Andresm.
1880 4218 1968 4299 14,h

568 4337 590 4370 ‘⁶
606 4329 719 4394 Sancte
734 4338 766 4389 et
779 4325 830 4410 pie
843 4323 990 4388 Andros

511 4473 540 4532 5.
564 4461 618 4529 Ad
634 4461 783 4528 Sanctum
800 4459 1003 4545 Stephanum.
1885 4473 1936 4536 18.

567 4584 589 4617 “
606 4575 719 4640 Sancte
735 4570 902 4657 stephane,
918 4570 1009 4636 beate
1026 4567 1203 4654 stephme’‘

509 4723 540 4780 6.
564 4710 616 4777 Ad
634 4711 783 4776 Sanctum
799 4705 999 4771 Nicholiium.
1879 4715 1932 4789 25,
1947 4709 1980 4776 b.

568 4833 590 4867 ‘⁴
606 4823 756 4892 Peccator
769 4817 1023 4884 homuncule’-

511 4969 540 5034 7.
565 4959 618 5025 Ad
635 4959 782 5024 Sanctum
800 4953 985 5019 Martinum.

568 5080 590 5114 “
606 5073 719 5136 Soncte
734 5081 766 5133 et
778 5067 914 5156 gloriose
930 5063 1099 5130 confessor
1115 5062 1232 5130 Christi
1247 5061 1449 5130 Murtine”-

511 5219 541 5276 8.
565 5207 616 5272 Ad
636 5207 785 5284 Sanctum
801 5200 1018 5266 Benedictum

570 5328 591 5361 ‘⁶
608 5319 721 5384 Sancte
735 5328 767 5380 et
779 5314 869 5379 beate
886 5310 1120 5377 Benedicte”—

512 5468 543 5524 9.
566 5453 753 5540 Deploratio
767 5447 963 5538 Virginitstis
977 5445 1060 5512 mole
1074 5445 1205 5510 emissoe.

485 5626 491 5636 .
571 5575 593 5608 “
608 5566 725 5630 Animo
738 5585 809 5627 mea
822 5561 1017 5626 erumnose.”

496 5709 545 5767 to.
568 5697 737 5764 Meditatio
751 5696 791 5760 ud
806 5693 1026 5760 concitandum
1039 5693 1194 5760 timorem.

573 5818 595 5854 ‘⁶
609 5809 724 5874 Terret
737 5831 788 5874 me
802 5807 877 5872 Vita
890 5807 989 5871 mes.”

496 5955 547 6012 11.
569 5943 685 6009 Nostre
701 5939 926 6017 Redemtionis‚
943 5936 1095 6004 Anselmi.

484 6077 488 6088 ·
573 6063 595 6098 ‘⁴
610 6053 726 6120 Anima
742 6051 982 6118 Christiana”-
