4630 7860
550 1027 598 1106 16
1054 1051 1211 1104 comeus
1237 1048 1493 1104 usuusorurrr

302 1249 352 1324 A.
372 1248 423 1326 ll.
447 1261 504 1332 10,
572 1245 636 1321 bal
651 1249 830 1342 bujttrlibri
846 1251 968 1316 initiunt
982 1202 1044 1316 tale
1059 1266 1115 1316 eat
1162 1253 1240 1316 Post
1253 1251 1472 1337 prolationem·
1484 1249 1579 1316 trium
1594 1252 1791 1342 paginarum,
1814 1263 1900 1346 (quas
1914 1262 1959 1328 sic
1974 1263 2026 1332 in-
2134 1322 2137 1327 .

313 1347 405 1388 ιοιιο.
533 1361 627 1454 ἀρὴ,
652 1367 770 1432 “Cum
784 1372 892 1430 onutts
909 1361 1084 1450 Propheta
1101 1365 1236 1450 Spiritiu
1260 1365 1367 1432 Sancti
1389 1366 1578 1432 revelatione
1598 1381 1720 1435 constet
1740 1393 1809 1438 ease
1822 1371 2023 1463 locutos”··-)

534 1481 650 1548 Glossa
671 1482 740 1566 ipsa
759 1479 803 1542 ta
823 1477 1006 1542 exorditurr
1031 1477 1196 1558 “Rectus,
1222 1479 1273 1543 cui
1294 1479 1401 1544 onmia
1426 1479 1577 1566 prospere
1599 1483 1788 1550 moedau:
1817 1485 1886 1566 Vir,
1913 1503 2024 1556 matra

533 1602 555 1635 ‘⁶
568 1614 728 1679 prospera,
745 1601 777 1654 et
790 1589 922 1654 adversa
935 1588 1110 1654 firmus”-

577 1707 619 1770 Et
633 1704 718 1782 sane,
734 1703 786 1768 bic
803 1701 916 1768 Codex
929 1703 1000 1787 ipso
1015 1702 1165 1768 Gorrauo
1179 1703 1338 1790 antiquior
1351 1715 1416 1780 est3
1440 1715 1476 1768 ut
1489 1715 1521 1770 at
1534 1705 1585 1792 alij
1601 1705 1666 1772 duo
1679 1706 1754 1774 huic
1773 1708 1867 1796 plane
1881 1713 2024 1800 gemilu,

531 1817 610 1882 alter
624 1815 764 1904 ejusdem
780 1817 896 1892 [atatim
913 1813 1025 1901 [suprd
1040 1815 1121 1885 cod.
1138 1822 1185 1898 9.]
1200 1816 1279 1880 alter
1290 1829 1424 1904 utroque
1438 1819 1588 1882 sensatior
1603 1821 1661 1902 [Α.
1678 1843 1731 1887 ιιι.
1745 1828 1793 1904 7.]
1837 1824 1927 1890 Vixit
1940 1828 2024 1892 enim

530 1930 583 1995 ille
598 1930 704 1994 seculo
724 1931 792 1995 14⁸⁰·
808 1929 856 1992 vel
872 1941 1017 2006 exerurte,
1041 1929 1088 1994 vel
1104 1929 1220 2006 medio,
1243 1929 1292 1994 vel
1308 1934 1357 2014 (ut
1371 1929 1424 1994 alii
1438 1931 1540 2014 aiunt)
1556 1933 1703 2000 ineunte:
1729 1935 1844 2022 Scripti
1860 1951 1966 2004 autem
1979 1942 2025 2004 vi-

530 2042 646 2106 dentur
663 2042 774 2108 Codex
791 2043 852 2120 hic,
874 2055 906 2108 et
921 2041 993 2106 huic
1008 2040 1152 2126 proxime
1167 2039 1359 2126 praecedens,
1376 2049 1424 2126 [n.
1441 2049 1488 2126 9.]
1510 2044 1593 2110 circa
1608 2045 1731 2112 initium
1746 2049 1842 2113 seculi
1861 2049 1939 2116 18¹¹:
1963 2065 2026 2118 ter·

533 2152 594 2217 tius
609 2175 694 2231 vero,
712 2155 769 2234 [A.
788 2175 839 2218 ιιι.
858 2159 904 2234 7.]
919 2152 1012 2216 etiam
1028 2151 1133 2216 seculo
1152 2157 1235 2216 ΙΨ.

577 2265 709 2330 Patrum
726 2264 865 2330 Nomina
878 2287 897 2328 e
912 2264 1025 2350 quibus
1036 2263 1152 2328 Glossa
1165 2261 1235 2328 haec
1244 2274 1394 2350 excerpta
1408 2277 1464 2344 est,
1482 2288 1553 2354 quae
1567 2263 1619 2330 hic
1628 2259 1857 2348 desiderantur,
1873 2271 1937 2358 peti
1951 2295 2026 2360 pos-

532 2390 606 2442 sunt
619 2399 660 2441 ex
677 2377 796 2441 Codice
811 2378 853 2442 Α.
870 2398 923 2440 ιιι.
940 2383 969 2444 7.
992 2377 1080 2462 cujus
1094 2376 1229 2464 margini
1243 2373 1474 2442 adscribuntur.

577 2490 660 2554 Cum
675 2489 849 2554 conferrem
863 2489 945 2553 hanc
962 2489 1109 2554 Glossam
1129 2511 1202 2552 cum
1216 2489 1373 2555 ordinariis
1391 2490 1442 2556 illt
1459 2504 1490 2556 et
1515 2492 1717 2573 interlineari,
1740 2517 1812 2582 quae
1826 2497 1951 2586 vulgata
1967 2513 2024 2575 est,

530 2618 710 2690 quanquam
732 2603 831 2691 magis
860 2603 941 2666 inter
965 2623 998 2666 se
1020 2597 1209 2688 discrepent,
1233 2625 1327 2690 quam
1350 2603 1480 2690 reliquae
1505 2597 1630 2671 Glossae
1655 2603 1772 2687 MStae,
1801 2621 1904 2675 tamen
1927 2613 2025 2677 multa

530 2714 716 2801 communia¹
725 2727 890 2800 utramque
913 2711 1030 2778 habere
1051 2709 1266 2798 deprehendi;
1290 2727 1324 2778 ut
1339 2738 1381 2778 ex
1394 2713 1506 2781 iisdem
1521 2712 1659 2782 lontibus
1674 2707 1825 2784 derivatae
1840 2721 1937 2787 videri
1953 2746 2027 2810 pos-

530 2825 602 2890 sint.
647 2825 691 2890 Et
705 2822 833 2912 quidem
849 2823 950 2888 nullas
965 2825 1045 2888 duas
1060 2825 1202 2901 Glossas,
1226 2822 1275 2887 vel
1298 2823 1379 2888 inter
1401 2848 1435 2889 se
1457 2842 1514 2910 per
1529 2825 1644 2905 omnia,
1673 2829 1721 2892 vel
1744 2851 1816 2894 cunr
1831 2831 1922 2896 editis
1939 2835 2026 2900 libris

530 2939 707 3004 consentire
722 2937 904 3001 observavi:
927 2937 1007 3000 adeo
1022 2948 1058 2999 ut
1073 2935 1237 3000 Editiones
1252 2933 1303 3001 hae
1318 2958 1383 3000 ιιοιι
1398 2954 1439 3003 ex
1453 2961 1518 3002 uno
1540 2939 1646 3028 aliquo
1662 2939 1762 3008 Msto
1776 2943 1952 3032 descriptae,
1970 2948 2025 3014 sed

531 3047 730 3133 expluribus
745 3059 903 3132 excerptae
919 3045 1094 3110 videantur.

574 3159 614 3222 In
629 3159 693 3221 fine
708 3158 779 3222 libri
794 3157 827 3220 hi
843 3157 907 3220 duo
923 3179 1029 3222 versus
1044 3157 1285 3222 adscribuntur:

619 3279 640 3310 ‘⁶
656 3269 723 3332 Ter
737 3269 974 3358 quinquagenos
989 3280 1095 3332 cantat
1110 3267 1217 3334 David
1231 3265 1342 3334 ordine
1359 3267 1521 3335 Psalmos:

619 3391 641 3423 ‘⁶
657 3382 775 3446 Versus
790 3381 838 3446 bis
854 3378 938 3450 mille
953 3392 1116 3446 sexcentos
1132 3403 1188 3446 sex
1203 3381 1286 3446 canit
1302 3379 1383 3446 ille.''

576 3495 714 3560 Pulchre*
737 3495 872 3579 scriptus
894 3509 941 3560 est
962 3493 1014 3558 hic
1039 3478 1151 3558 Codex
1159 3517 1169 3569 ;
1196 3484 1292 3558 literis
1315 3486 1500 3558 acuminatis
1508 3520 1518 3574 3
1543 3485 1667 3564 Textus
1691 3499 1818 3588 quidem
1843 3503 2023 3592 majoribus,

533 3605 648 3671 Glossa
662 3629 737 3670 vero
751 3607 935 3670 minoribus.

448 3875 505 3942 11.
533 3867 678 3942 Psanur
696 3893 873 3944 anosssrr
892 3891 1053 3942 carmen
1073 3897 1084 3958 ;
1103 3873 1127 3940 3
1146 3865 1416 3942 Voluminibus.

448 3977 505 4045 12·
574 4017 688 4081 Nullus
703 4017 811 4083 titulus
827 4015 1015 4079 adscribitur
1036 4038 1055 4078 a
1076 4037 1174 4078 manu
1187 4015 1307 4100 primal:
1329 4017 1439 4082 titulus
1453 4001 1505 4081 hic
1527 4019 1695 4106 inscriptus
1710 4033 1758 4086 est
1778 4023 1811 4086 in
1833 4023 1935 4091 fronte
1952 4028 2023 4092 Vol.

448 4075 493 4144 13

496 4125 505 4143 ‘
534 4127 580 4196 1¹³¹
596 4132 626 4193 &
642 4129 686 4192 2⁶³
702 4151 720 4190 a
734 4149 830 4189 manu
845 4120 1017 4188 admodum
1031 4125 1158 4187 recenti.
1205 4109 1244 4186 Ῑιι
1257 4123 1361 4188 fronte
1377 4115 1449 4190 Vol.
1467 4130 1506 4192 Sl·
1525 4133 1695 4216 apponitur
1706 4133 1757 4198 hic
1772 4135 1880 4201 titulus
1895 4163 1914 4201 a
1928 4162 2025 4206 manu

532 4243 606 4308 satis
621 4239 758 4326 antiquit,
784 4235 894 4301 Tertia
915 4257 988 4322 pars
1014 4226 1157 4320 Psalterij
1182 4225 1375 4300 inGallico:
1404 4250 1435 4300 et
1457 4261 1476 4302 a
1499 4262 1594 4304 manu
1609 4243 1741 4328 nupera,
1769 4245 1977 4314 Cassiodorus
1992 4251 2025 4316 in

534 4364 588 4424 3¹⁸⁰
599 4366 721 4440 partem
745 4349 887 4436 Psalterij
902 4345 1025 4436 gallice.
1071 4340 1185 4412 Eidem
1207 4345 1301 4413 etiam
1316 4334 1464 4415 tribuitur
1483 4349 1516 4414 in
1541 4350 1700 4442 Catalogis
1717 4355 1843 4423 MStor.
1861 4359 2024 4450 Anglicor.

533 4473 563 4537 &
580 4467 784 4534 Hibernicor.
802 4461 1038 4528 Bernardianis.

577 4581 660 4660 Quae
674 4601 750 4645 vero
764 4577 816 4642 hic
833 4576 949 4642 Glossa
963 4585 1102 4652 vocatur,
1119 4585 1166 4638 est
1180 4595 1290 4638 revera
1306 4557 1559 4641 Commentarius
1573 4573 1726 4664 prolixus,
1750 4595 1784 4645 ut
1800 4605 1838 4647 ex
1854 4583 1937 4648 mole
1952 4582 2025 4650 libri

532 4686 623 4759 facile
638 4689 748 4776 conjici
762 4699 875 4773 potest.
923 4686 1071 4772 Sequitur
1085 4707 1160 4748 vero
1181 4683 1234 4749 hic
1251 4683 1402 4770 Scriptor,
1427 4678 1605 4776 quicunque
1620 4687 1748 4756 demum
1763 4690 1866 4772 luerit,
1895 4701 2024 4780 (nomen

533 4807 617 4872 enim
632 4805 698 4890 ejus
713 4801 852 4866 invenire
875 4821 940 4862 non
961 4798 1064 4883 potui)
1087 4819 1213 4862 sensum
1235 4797 1421 4884 plerumque
1444 4799 1670 4890 Allegoricmn,
1695 4803 1739 4868 ita
1754 4817 1789 4870 ut
1803 4795 1844 4870 ad
1862 4803 2024 4872 Christum

532 4915 638 4982 omnia
658 4912 723 4977 iere
738 4910 861 4975 reserat.
912 4894 1060 4992 Exempli
1074 4891 1191 4996 gratiis:
1219 4891 1261 4970 ad
1283 4892 1400 4972 Psalmi
1428 4909 1477 4971 1⁵¹¹
1493 4933 1616 4974 versum
1643 4921 1696 4975 lum
1719 4911 1763 4976 sic
1786 4927 2024 4980 commentatur.

514 5065 517 5076 ·
534 5027 684 5092 “Beatus
699 5023 767 5088 vir:
792 5021 898 5086 Adam
913 5021 969 5084 nie
983 5040 1109 5104 promer
1126 5019 1206 5082 Pere
1221 5029 1261 5082 ne
1276 5017 1309 5082 fu
1324 5018 1386 5082 mie
1400 5007 1509 5085 beatus
1525 5021 1581 5086 vir.
1604 5021 1662 5086 kar
1676 5023 1698 5086 il
1713 5019 1777 5090 alat
1791 5026 1821 5089 al
1836 5025 1953 5092 conseil
1968 5023 2024 5093 des

536 5147 558 5180 ‘⁶
572 5136 672 5200 feluns
687 5134 739 5198 del
755 5145 882 5216 serpent
902 5143 935 5193 ct
956 5127 996 5192 dc
1013 5128 1109 5192 Eve.’'
1156 5115 1198 5193 'Et
1212 5142 1284 5214 post
1302 5138 1340 5195 18
1359 5128 1474 5195 lineas:
1499 5131 1604 5196 “Mes
1618 5135 1675 5198 nie
1699 5135 1768 5201 Sire
1779 5137 1870 5202 Jesus
1886 5130 1961 5224 ch
1976 5163 2025 5204 se-

534 5260 555 5294 ¹⁶
570 5249 692 5314 candus
708 5245 814 5311 Adam
829 5243 850 5307 il
864 5242 924 5306 luit
937 5242 1046 5306 beatus
1063 5241 1131 5305 Vir.
1154 5242 1213 5304 kar
1233 5241 1255 5304 il
1270 5263 1310 5306 ne
1325 5241 1376 5306 ala
1389 5243 1452 5308 mie
1467 5245 1496 5308 al
1511 5247 1629 5310 cunseil
1652 5247 1707 5312 des
1723 5248 1824 5314 feluns
1838 5251 2024 5316 Judeus''-

532 5363 644 5428 eodem
659 5359 755 5423 modo
769 5357 873 5444 pergit
886 5377 944 5440 per
962 5361 1023 5418 lto
1038 5352 1145 5416 lineas.

578 5472 654 5546 Quo
668 5492 743 5534 vero
752 5471 825 5555 jure
841 5466 1032 5532 Cassiodoro
1045 5463 1201 5530 tribuatur
1222 5463 1274 5530 bic
1291 5465 1554 5543 Commentarius,
1577 5488 1642 5530 ιιοιι
1657 5467 1758 5534 video.
1805 5469 2021 5556 Praeterquam

533 5584 618 5650 enim
632 5582 718 5668 qaod
733 5581 831 5666 duplo
845 5580 970 5667 longior
992 5591 1039 5644 est
1060 5577 1130 5644 haec
1145 5579 1309 5664 expositio,
1337 5596 1430 5665 quam
1453 5577 1507 5642 illa
1530 5577 1720 5657 cassiodori,
1746 5603 1817 5665 quae
1830 5579 1927 5665 pauld
1942 5581 2024 5645 inira

534 5694 765 5770 recensebimr;
781 5691 838 5774 [B.
855 5699 893 5754 ιι.
911 5693 978 5772 ab]
993 5689 1070 5754 nihil
1086 5689 1181 5754 babet
1196 5711 1267 5753 cnm
1283 5689 1319 5755 erl
1334 5707 1512 5768 commune,
1527 5704 1680 5776 quantum
1695 5691 1764 5754 loca
1777 5691 1931 5758 nonnulla
1944 5694 2022 5758 utri-

533 5825 633 5896 utque
646 5801 818 5872 ananau
832 5804 1007 5889 conjectare
1020 5802 1118 5866 licuit

578 5915 712 6001 Habent
726 5915 897 5982 Volumina
911 5913 1034 6002 singula
1051 5911 1193 5977 Psalmas
1208 5915 1260 5976 60.

577 6028 810 6096 Describuntur
823 6027 858 6091 hi
873 6024 1008 6092 Codices
1027 6025 1124 6089 literis
1137 6023 1332 6101 acuminatis,
1355 6025 1428 6090 satis
1443 6024 1760 6102 mantolomaus,
1783 6027 1816 6090 in
1832 6026 1939 6094 Texta
1952 6043 2026 6093 ma·

530 6143 665 6234 joribus,
679 6143 712 6208 in
728 6139 964 6208 Cornrnentario
978 6137 1153 6202 minoribus
1161 6161 1171 6214 ς
1193 6135 1331 6202 lineisin
1347 6137 1451 6202 medlo
1464 6135 1542 6202 lolio
1555 6135 1680 6214 divicia3
1703 6148 1776 6204 ante
1789 6155 1889 6206 annos
1909 6146 1961 6226 (ut
1973 6141 2022 6206 vi·

2304 2709 2306 2744 l

2305 2749 2306 2782 l
