4630 7860
484 1043 510 1120 b
1021 1066 1175 1122 comem
1198 1063 1454 1122 nsnnscnn‘rr

224 1266 333 1410 Apu}
390 1278 450 1354 10.
469 1270 795 1456 ’ἶιᾶᾞωῶῗωω
816 1269 1000 1338 illrutrcsset
1020 1282 1053 1337 et
1075 1271 1146 1338 illos
1168 1269 1210 1336 sd
1232 1267 1426 1356 predicanda
1447 1287 1510 1356 que
1533 1263 1680 1334 Christus
1700 1263 1774 1334 feeit
1794 1275 1828 1332 et
1849 1264 1959 1334 docum

512 1409 664 1590 ¹bcriptuu
689 1513 739 1568 est
759 1500 812 1566 hic
832 1499 934 1566 codex
955 1495 1177 1586 pulcherrime,
1200 1497 1291 1564 lineis
1314 1497 1348 1562 in
1373 1495 1479 1564 medio
1504 1495 1631 1564 divisis:
1653 1497 1752 1564 literis
1784 1499 1968 1586 majoribus,

475 1615 639 1693 rotundis3
661 1626 734 1681 unte
748 1635 846 1679 annos
861 1611 935 1680 circ.
952 1620 1027 1679 600.
1073 1609 1185 1678 Habet
1198 1608 1273 1675 folia
1290 1617 1363 1680 167.

523 1791 576 1858 Ab
590 1789 702 1857 etdem
715 1811 813 1856 manu
827 1799 901 1854 sunt
914 1787 979 1854 duo
994 1797 1159 1875 sequentes
1174 1797 1342 1851 tractabis:

457 1973 489 2032 2.
512 1965 739 2034 Bennuounrr
757 1966 935 2032 Scnrrrurr
951 1983 1059 2030 sunnis
1075 1963 1321 2028 Arocsmrsnr.

522 2077 649 2145 Titulus
678 2077 731 2144 hic
761 2077 794 2142 in
826 2075 983 2164 principio
1014 2073 1222 2140 adscribitur:
1256 2071 1289 2136 in
1320 2070 1385 2137 fine
1414 2083 1545 2138 vocatur
1567 2071 1766 2160 Apocnlipsis
1790 2072 1969 2162 Expositio,

478 2191 615 2258 auctoris
629 2189 758 2256 nomine
772 2210 838 2255 non
852 2188 985 2276 sdjecto.

517 2303 613 2370 Solus
642 2301 743 2390 (quod
774 2301 852 2384 scio)
883 2299 901 2366 ὲ
934 2298 1141 2364 Bibliothecae
1174 2296 1405 2362 Ecclesiasticus
1437 2295 1664 2378 conditoribus,
1697 2297 1841 2364 meminit
1873 2298 1967 2386 hujus

479 2414 595 2503 Scripti
611 2413 756 2492 Caveiis3
779 2413 834 2504 qui
855 2425 961 2478 temen
975 2409 1028 2490 eit,
1052 2411 1085 2474 in
1106 2407 1267 2475 nonnuliis
1290 2407 1422 2474 Msstis
1447 2408 1688 2498 Berringwiddo
1709 2411 1815 2476 tribui.
1873 2409 1968 2478 cent

477 2547 594 2592 nomen
618 2519 811 2615 Berengsrij'
826 2523 859 2588 in
885 2523 947 2589 hoc
960 2521 1052 2600 libro,
1076 2521 1189 2586 sinon
1211 2520 1271 2607 ipsi
1295 2519 1408 2586 Codici
1422 2520 1562 2608 oequslis,
1585 2533 1777 2588 nontamen
1797 2523 1898 2590 multb
1920 2545 1970 2589 re-

477 2638 598 2704 centior
612 2650 678 2703 est:
701 2649 733 2702 et
753 2635 806 2702 hic
823 2635 935 2702 Codex
957 2655 1057 2721 prope
1078 2631 1200 2698 seoedit
1220 2643 1346 2698 oetetem
1363 2630 1557 2723 Berengurij,
1581 2635 1636 2722 qui
1656 2647 1801 2701 mortuus
1822 2647 1870 2702 est
1886 2657 1972 2702 anno

482 2759 575 2820 108⁷.

518 2861 631 2928 Habet
643 2861 718 2926 folia
733 2869 775 2928 64
798 2860 855 2943 [ab
873 2869 934 2926 169
950 2858 991 2922 ad
1006 2863 1087 2938 282]
1109 2856 1259 2922 dividitur
1274 2856 1307 2919 in
1331 2861 1490 2940 7psrtes:
1513 2855 1588 2934 sive,
1612 2855 1780 2920 Visionum
1803 2865 1823 2928 7
1839 2859 1970 2926 totidem

476 2973 700 3060 expositiones.

520 3087 573 3158 Sic
595 3083 726 3170 incipit:
760 3089 837 3166 “[v.
864 3091 892 3148 1.
916 3089 947 3147 2.
971 3078 1495 3167 Apocalypsis-ad-quecunque
1517 3079 1611 3161 vidit]
1635 3079 1770 3146 Beatum
1791 3080 1972 3148 Johannern

479 3196 708 3284 “Apostolum
733 3209 765 3262 et
789 3195 992 3284 Evangistum
1014 3192 1101 3258 hunc
1122 3191 1239 3258 librum
1262 3190 1479 3278 Apocalipsim
1505 3191 1640 3258 edidisse
1666 3205 1808 3260 constat:
1831 3196 1974 3283 quamvis

481 3311 694 3376 “extiterunt
713 3309 820 3398 aliqui,
844 3307 899 3396 qui
923 3329 989 3372 non
1011 3307 1052 3370 sb
1073 3327 1122 3383 eo,
1146 3304 1204 3370 sed
1217 3303 1258 3370 nb
1280 3301 1344 3368 alio
1365 3303 1504 3369 dixerint
1525 3303 1620 3370 ruisse
1641 3307 1860 3392 compositum.
1907 3307 1973 3374 Sed

481 3431 503 3466 “
517 3423 583 3511 ejus
597 3421 693 3488 fuisse
706 3420 870 3510 sequentis
883 3419 1112 3486 manifestent.”
1173 3443 1179 3454 ·

525 3535 574 3602 Sit
587 3533 720 3601 desinit:
745 3534 827 3600 “Sit
841 3547 872 3598 et
885 3532 1051 3598 nobiscum
1075 3529 1188 3596 Gratis
1202 3529 1323 3594 domini
1344 3529 1444 3594 nostri
1466 3528 1543 3594 Jesu
1560 3529 1639 3594 Xti:
1663 3541 1695 3594 et
1708 3531 1764 3596 det
1777 3530 1869 3598 nobis
1885 3553 1974 3598 unns

478 3656 500 3692 “
514 3648 676 3728 virtutum,
701 3646 815 3735 quibus
836 3645 959 3724 muniti,
983 3644 1053 3730 ipso
1074 3641 1156 3708 duce
1169 3651 1264 3730 utque
1286 3639 1445 3730 signifero,
1468 3653 1501 3706 et
1522 3641 1563 3705 ub
1584 3641 1785 3708 interioribus
1807 3653 1840 3706 et
1861 3643 1902 3708 eb
1917 3665 1973 3708 ex·

480 3768 503 3805 ‘⁶
515 3760 683 3826 terioribus
712 3759 855 3826 hostibus
882 3755 1088 3823 defendemur
1121 3766 1157 3819 ut
1178 3753 1240 3818 vite
1272 3765 1380 3820 eterne
1408 3753 1576 3840 participes
1605 3777 1673 3820 esse
1702 3775 1880 3819 mereamur
1902 3755 1972 3841 ipso

476 3879 499 3916 ‘⁴
516 3883 676 3958 prestante
697 3871 752 3959 qui
772 3870 848 3934 vivit
869 3880 901 3934 et
926 3879 1038 3956 regnet
1059 3887 1132 3930 cum
1155 3861 1229 3930 Deo
1250 3875 1340 3951 petre
1355 3863 1388 3928 in
1410 3863 1529 3929 unitate
1553 3864 1688 3952 Spiritirs
1713 3865 1821 3932 Sancti
1840 3886 1899 3952 per
1912 3865 1972 3930 im·

483 3992 505 4027 “
518 3983 664 4050 morulis
677 3981 782 4050 secula
796 3981 984 4048 seculorum.
1029 3979 1163 4043 Amen.”

459 4169 488 4226 8.
511 4157 637 4226 Mssnr
654 4160 811 4223 Aunrnrr
828 4155 1038 4221 Cnssrononr
1055 4151 1169 4218 Lnssn
1186 4171 1229 4216 nn
1246 4152 1379 4217 Anius.

523 4268 673 4356 Cupitum
687 4277 873 4356 argumenta
887 4264 1051 4352 (quonium
1066 4261 1185 4328 aliaest
1198 4261 1330 4328 inlibris
1345 4261 1504 4349 impressis
1515 4260 1641 4344 divisio)
1656 4260 1708 4328 hic
1718 4261 1896 4329 describere
1905 4283 1971 4329 non

569 4379 626 4446 ebs
640 4400 676 4444 re
690 4377 793 4444 inerit

506 4503 535 4560 l.
559 4491 649 4570 Quid
664 4490 756 4556 amici
770 4489 998 4578 requisiverint.

503 4613 535 4672 1.
558 4603 649 4684 Quid
662 4603 707 4670 eis
721 4622 908 4689 responsum
924 4601 974 4666 sit.

506 4727 535 4786 ³.
560 4715 670 4796 Quare
686 4715 803 4780 Anime
817 4713 950 4778 dicetur.

504 4839 536 4896 4.
558 4829 599 4894 de
614 4826 812 4894 Diffinitione
829 4825 955 4890 Anime.

506 4949 537 5010 5.
559 4941 601 5007 de
616 4938 777 5018 Qualitare
793 4937 918 5004 Anime.

506 5059 537 5120 6.
560 5051 711 5116 Formam
725 5048 876 5114 Animam
890 5068 955 5112 non
969 5045 1096 5111 habere.

503 5171 534 5236 7.
556 5163 597 5229 de
612 5161 791 5228 Virtutibus
806 5161 873 5248 ejus
887 5158 1069 5224 moralibus.

503 5284 534 5342 8.
556 5273 598 5341 de
612 5271 791 5340 Virtub’bus
805 5272 873 5359 ejus
886 5268 1090 5336 neutralibus

503 5395 534 5454 9.
557 5385 598 5451 de
614 5384 748 5474 Origine
764 5383 890 5449 Anime.

486 5507 537 5566 10.
560 5495 601 5562 de
617 5495 700 5562 Sede
716 5495 842 5560 Anime.

485 5619 536 5677 11.
559 5607 600 5674 de
615 5607 777 5674 Positione
792 5607 955 5693 Corporis.

487 5729 538 5788 12.
560 5719 602 5786 de
619 5717 856 5808 Cognoscendis
870 5717 961 5782 mulis
975 5715 1164 5782 hominibus.
1254 5748 1257 5756 ·

487 5843 539 5902 18.
561 5832 603 5898 de
618 5829 855 5920 cognoscendis
869 5829 961 5894 bonis
975 5827 1166 5894 hominibus.

488 5955 539 6014 ts.
562 5943 637 6034 quid
653 5953 750 6032 egunt
765 5942 881 6008 Anime
894 5952 967 6030 post
981 5940 1063 6008 benc
1077 5939 1184 6004 vitem.

486 6068 538 6128 16.
561 6057 603 6124 de
618 6055 741 6122 Futuro
757 6053 881 6122 Seculo.
987 6061 1037 6119 16.
1052 6050 1094 6118 de
1108 6049 1192 6116 Deo.

489 6177 539 6243 17.
564 6165 807 6258 Recepitnistio.
991 6173 1042 6231 18.
1057 6161 1182 6230 Omtio.
