4650 7852
779 1119 966 1172 ECCLESIAE
992 1119 1267 1172 nunntnnrtsts.
1693 1109 1764 1180 103

72 1313 109 1388 B.
126 1310 176 1386 II.
194 1315 229 1394 6.
279 1328 310 1385 8.
333 1311 447 1385 Lrnnu
463 1318 495 1384 S'
512 1319 691 1384 Annnosrs
707 1317 782 1384 Er’r
798 1341 842 1384 nn
858 1321 1036 1386 1111111111
1052 1283 1285 1388 Paunrmtcni.
1597 1321 1650 1388 fol
1666 1334 1718 1392 63.

82 1409 163 1451 Μ
328 1431 380 1498 Sic
395 1431 522 1516 incipit:
547 1439 569 1471 ‘⁶
584 1429 748 1494 Abraham
762 1430 835 1496 libri
849 1432 942 1519 hujus
957 1433 1065 1498 titulus
1079 1435 1156 1497 est.”

285 1579 315 1634 9.
338 1567 451 1632 Lrnnn
467 1567 535 1634 Sc'r
550 1569 730 1636 Asinnosrs
746 1567 820 1632 Er'r
836 1589 880 1632 nn
896 1567 1273 1634 111111111111111111.
1597 1571 1651 1640 fol,
1667 1583 1719 1646 72,

328 1678 380 1745 Sic
394 1679 519 1765 incipit:
545 1688 567 1721 “
583 1679 731 1745 Nabuthe
745 1679 875 1744 historin
888 1691 1030 1764 tempore
1043 1690 1132 1745 vetus
1146 1691 1203 1758 cst,
1219 1701 1279 1744 usu
1293 1679 1512 1747 cotidiana”-

286 1826 335 1883 10.
360 1819 585 1884 Auocsrrnns
600 1818 745 1884 Docron
761 1839 805 1883 nn
820 1837 935 1884 nucmr
950 1837 1108 1882 cnonnrs.
1598 1819 1651 1887 fol.
1668 1829 1719 1892 79.

327 1929 380 1996 Sic
395 1929 520 2014 incipit:
544 1938 565 1972 “
579 1931 738 1996 Dominus
753 1943 784 1995 et
798 1930 888 1998 Deus
902 1941 1009 1994 noster
1022 1929 1198 1994 misericors
1212 1939 1244 1994 et
1257 1929 1484 1996 miserato?-

286 2075 335 2130 11.
358 2066 414 2131 Dc
432 2067 522 2132 Sans
538 2069 739 2132 Autumnum
755 2088 1020 2134 nuruucmrurr.
1598 2071 1651 2137 fol.
1668 2083 1720 2140 85.

327 2178 366 2242 In
381 2177 509 2243 dimdit
524 2179 656 2268 pagina3
673 2180 740 2244 sine
755 2180 820 2244 ullo
833 2179 933 2244 titulo.
980 2179 1032 2244 sic
1047 2178 1174 2264 incipit:

327 2298 350 2331 “
364 2289 505 2376 Tempus
520 2303 624 2356 autem
638 2291 725 2377 quod
738 2291 820 2356 inter
833 2291 969 2356 hominis
982 2302 1127 2368 mortem,
1142 2302 1174 2354 et
1187 2288 1339 2354 rrltimam.
1385 2290 1659 2360 Resurrectionem
1668 2296 1767 2362 inter-

328 2408 349 2442 “
363 2401 500 2485 positum
515 2405 626 2467 est’'-

326 2510 553 2600 Fragmentum
567 2513 696 2601 alicujus
710 2514 783 2580 libri
797 2515 929 2580 videtur.

326 2645 465 2713 Pulchre
480 2650 614 2734 scriptus
630 2663 677 2716 est
690 2651 742 2716 hic
758 2651 889 2728 Codex:
912 2651 1002 2716 lineis
1016 2650 1139 2726 divisis:
1162 2647 1259 2713 literis
1273 2647 1493 2730 mediocribus,
1509 2653 1671 2732 rotundis:
1694 2668 1767 2721 ante

281 2779 381 2822 annos
395 2759 563 2846 plusquam
586 2772 659 2828 680.
705 2763 780 2828 Fuit
800 2763 884 2827 enim
906 2785 987 2827 unus
1009 2763 1027 2828 ὲ
1048 2763 1136 2826 libris
1160 2759 1317 2824 Willelmi
1331 2759 1372 2825 de
1396 2763 1429 2826 S.
1452 2763 1588 2829 Carilefo
1605 2766 1765 2853 Episcopi,

283 2891 367 2933 anno
384 2879 466 2937 1096
482 2871 655 2937 demortui:
678 2887 714 2938 ut
727 2873 833 2938 videre
848 2887 896 2938 est
909 2875 942 2936 in
958 2873 1103 2938 Indiculo
1116 2871 1269 2936 librorum
1291 2870 1364 2936 huic
1381 2873 1544 2941 Coenobio
1558 2877 1598 2942 ab
1613 2901 1651 2943 eo
1665 2878 1764 2945 donn·

283 2995 406 3060 torum3
422 2985 476 3070 qui
490 2985 665 3074 praeligitur
681 2985 793 3050 Bibliis
808 2989 884 3072 ejus,
902 2986 942 3049 A.
961 3007 998 3050 11.
1014 2995 1044 3048 4.

327 3095 366 3160 In
381 3095 456 3161 folio
470 3098 593 3181 primo:
618 3105 639 3138 “
655 3097 752 3162 Liber
766 3097 848 3162 beati
864 3099 958 3182 (deest
974 3091 1154 3176 Cuthberti)
1170 3094 1210 3157 de
1225 3092 1416 3158 Dunclmo.'’

619 3219 640 3252 “
653 3209 695 3275 de
709 3212 757 3275 cdi
772 3210 868 3275 librni
884 3207 1037 3306 Mo⁰chop
1053 3206 1223 3272 Dunelfiil’

197 3481 232 3558 7.
261 3471 322 3546 B'1
342 3471 525 3546 Inuourur
544 3467 1331 3549 Pnssnrrunrssnnvmnrnu1uPstnTnn10.

328 3619 454 3685 Titulus
467 3621 520 3686 hic
534 3635 581 3687 est
595 3646 614 3687 e
628 3623 729 3708 primi
744 3645 859 3687 manu:
882 3634 914 3686 et
928 3622 972 3686 sic
986 3621 1020 3684 in
1034 3620 1116 3684 fine:
1142 3618 1316 3704 “Explicit
1332 3617 1494 3684 Breviarin
1516 3619 1600 3686 beati
1615 3622 1766 3688 leronimi

287 3731 356 3794 “in
372 3731 555 3797 Psalterio.'’

331 3843 584 3908 Commentarius
606 3857 653 3908 est
675 3845 706 3908 in
723 3844 865 3909 Psalmos
881 3843 1082 3929 Hieronymo
1096 3842 1287 3926 adscriptus:
1310 3863 1490 3928 quanquam
1512 3865 1532 3906 a
1552 3843 1659 3910 multis
1674 3846 1766 3912 dubi-

286 3966 370 4018 tetur
384 3976 426 4016 en
440 3955 506 4039 ejus
521 3955 561 4019 sit
575 3955 721 4019 auctoris.

330 4063 480 4130 Proefatio
494 4065 538 4130 sic
552 4066 678 4150 incipit:
703 4073 725 4107 “
737 4063 887 4130 Proxime
902 4086 974 4129 cum
990 4063 1138 4151 Origcnis
1155 4062 1373 4127 Psalterium.”

332 4175 584 4240 Commentarius
598 4176 662 4241 sic:
688 4185 709 4218 ‘⁶
722 4176 861 4253 Quidam
875 4176 985 4241 dicunt
999 4175 1083 4239 hunc
1096 4175 1256 4239 Psalmum
1271 4173 1360 4259 quasi
1377 4173 1587 4240 Prefationem
1601 4183 1733 4244 esse''-

331 4285 568 4363 Commentario
592 4286 666 4352 huic
688 4287 897 4375 praefigrmtur
920 4286 1022 4374 (quasi
1049 4285 1246 4350 introductio
1267 4284 1308 4348 ad
1329 4283 1459 4367 librum)
1479 4285 1520 4351 de
1543 4287 1768 4357 Ecclesiasticis

288 4395 408 4461 Officiis
425 4397 626 4462 Collectanea
639 4399 794 4485 quaedam,
810 4395 890 4460 soliis
906 4407 937 4462 9.
984 4395 1119 4474 Scilicet,

334 4518 361 4573 1.
384 4507 437 4573 De
452 4508 665 4589 Lectionibus,
688 4521 720 4574 et
744 4507 965 4594 Responsoriis
987 4507 1227 4573 Domirricarum
1248 4527 1306 4592 per
1326 4507 1421 4572 totius
1442 4509 1517 4572 anni
1533 4509 1713 4590 circulum:
1735 4526 1768 4580 et

290 4615 412 4682 Ordine
426 4639 546 4682 corum.
1645 4645 1718 4712 pag.
1738 4635 1766 4690 1.

331 4737 361 4794 2.
385 4729 438 4794 De
455 4730 568 4794 Cantu.
1688 4736 1765 4801 ibid.

332 4851 361 4906 8.
384 4840 437 4906 Dc
453 4840 640 4907 Offertoriis.
1644 4866 1718 4932 pag.
1733 4856 1766 4911 t.

330 4960 361 5015 4.
385 4950 466 5028 Quis
479 4953 599 5037 primus
614 4951 787 5018 remcdimn
804 4951 978 5018 Penitentie
991 4951 1118 5017 invenit.
1646 4976 1718 5044 pag.
1735 4966 1766 5023 5.

332 5069 362 5127 5.
387 5061 578 5128 Prolationes
592 5063 712 5150 aliquot
724 5063 834 5128 breves
847 5062 881 5126 in
897 5061 1050 5140 Pselmos,
1064 5061 1228 5140 ter-ouini,
1244 5062 1415 5150 Augustini
1428 5073 1460 5127 et
1473 5062 1615 5144 aliomm,

1488 5197 1594 5263 apag.
1611 5186 1641 5240 8.
1656 5175 1697 5240 ad
1715 5183 1765 5247 17.

331 5283 433 5350 Totus
447 5285 499 5350 hic
516 5287 628 5352 Codex
642 5287 683 5352 eb
704 5286 814 5353 etdem
828 5307 924 5350 manu
937 5283 1069 5371 pulchre
1091 5285 1225 5370 scriptus
1240 5295 1304 5361 est:
1327 5284 1417 5350 lineis
1439 5284 1565 5363 divisis:
1587 5285 1685 5354 literis
1698 5309 1765 5355 me·

289 5396 457 5476 diocribus,
473 5399 632 5476 rotundis;
648 5411 721 5463 ante
735 5421 834 5463 annos
848 5397 972 5462 circiter
987 5406 1061 5461 600.
1120 5405 1122 5409 ’

333 5507 373 5572 ln
387 5507 461 5572 folio
472 5511 593 5596 primo:
618 5519 640 5551 “
650 5510 721 5575 Lib.
740 5510 848 5575 Sancti
864 5507 997 5574 Cuthbti
1012 5507 1033 5569 tl
1048 5505 1222 5571 Duiilmo.”

621 5619 691 5685 “de
704 5621 753 5686 cdi
766 5619 894 5684 libreria
909 5616 1064 5714 Mo⁰chop
1077 5615 1249 5683 Dunelffi.”
