4650 7852
797 1103 984 1157 nccnnsrn
1010 1105 1288 1158 nuunnnnusrs.
1717 1089 1790 1166 139

1 1301 2 1378 i
67 1320 114 1396 Β,
134 1313 194 1390 ΙΙ,
212 1319 275 1390 32,
301 1322 371 1386 tur:
394 1329 466 1396 quse
480 1305 525 1371 sio
546 1305 673 1392 incipit:
698 1305 847 1374 “Beatus
870 1309 1046 1398 Gregorius
1069 1309 1158 1396 Papa
1178 1309 1295 1374 librum
1309 1308 1382 1387 Job,
1405 1317 1530 1394 petente
1553 1309 1670 1375 Sancto
1685 1309 1791 1377 Lean-

1 1383 3 1458 l
78 1413 180 1461 '⁰¹⁴⁰
304 1432 327 1467 “
340 1423 411 1500 dro,
429 1420 580 1506 Spalense
596 1420 766 1506 Episcopo,
782 1422 1238 1507 exposuie’-Narratiuncula
1251 1422 1321 1486 haec
1336 1423 1369 1485 in
1384 1421 1473 1485 libris
1489 1421 1580 1487 editis
1595 1423 1720 1512 legitur.

348 1533 532 1600 Pertinebat
544 1532 598 1598 hic
614 1533 730 1598 Codex
751 1533 792 1598 nd
815 1534 1005 1599 Coenobium
1022 1534 1319 1622 Coldinghamcnse·
1330 1535 1362 1598 in
1379 1533 1494 1612 scotis,
1518 1546 1554 1598 ut
1574 1535 1710 1606 ostendit
1723 1535 1794 1602 hoec

305 1645 392 1712 Nota
405 1645 439 1708 in
460 1644 568 1709 fronte'
579 1643 652 1708 libri
667 1643 835 1729 adscripta,
858 1667 878 1707 a
891 1643 992 1729 primi
1009 1650 1057 1729 (ut
1070 1644 1207 1725 videtur)
1223 1666 1336 1708 manu:
1360 1644 1492 1708 “Liber
1514 1645 1628 1713 Sancte
1644 1645 1749 1716 Marie
1764 1659 1796 1712 et

304 1767 327 1802 “
343 1759 457 1824 Sancte
482 1755 573 1821 Ebbe
592 1755 633 1820 de
649 1755 848 1843 Coldighnm.
872 1756 978 1822 Adam
1003 1755 1045 1820 de
1066 1755 1218 1820 Hedun.”
1280 1756 1354 1838 Fuit
1376 1769 1481 1820 autem
1513 1756 1790 1847 Coldingbamum,

304 1869 378 1935 licet
391 1869 424 1932 in
441 1867 546 1934 scotia
567 1867 715 1952 positum,
740 1867 902 1932 Prioratus
923 1889 943 1930 a
959 1865 1105 1952 Coenobij
1119 1865 1328 1931 Dunelmeusi
1349 1867 1500 1952 pendens.
1545 1867 1650 1934 Adam
1665 1870 1706 1935 de
1722 1870 1793 1937 He-

305 1981 372 2048 dun
387 1980 510 2046 videtur
526 1952 678 2045 Codiceri:
700 1978 786 2044 hunc
802 1978 1141 2068 Coldinghamensibus
1155 1977 1241 2044 dono
1262 1978 1402 2046 dedisse:
1426 1979 1495 2066 quis
1509 1991 1615 2046 autem
1636 1981 1729 2046 luerit
1742 1983 1797 2048 ille

307 2114 423 2158 nescio.

351 2204 494 2289 Scriptus
515 2213 564 2268 est
580 2201 693 2267 Codex
714 2200 767 2266 hic
788 2202 964 2290 elegantem
987 2202 1077 2268 lineis
1099 2201 1289 2279 dimidiatis:
1310 2201 1406 2266 literis
1428 2203 1610 2288 majoribus,
1631 2205 1794 2290 paululum

306 2315 511 2392 acuminatis:
533 2325 606 2378 ante
620 2316 720 2378 annos
734 2313 857 2378 circiter
873 2321 948 2379 500.

352 2425 434 2490 Vide
450 2423 490 2490 B.
506 2446 559 2490 111.
579 2432 629 2489 10.

226 2743 285 2813 33.
311 2735 542 2812 Tuicrxrus
560 2759 639 2811 snx.

315 2919 343 2975 1.
367 2909 511 3000 Tannus
528 2908 699 2972 Hrsroum
717 2907 930 2972 Scomsrrcn.

370 3019 496 3086 Titulus
510 3017 563 3083 hic
578 3031 625 3083 est
639 3041 658 3082 a
672 3039 767 3082 manu
783 3019 966 3096 recentiori;
982 3017 1116 3104 :ipsimi
1132 3017 1237 3082 nullus
1252 3029 1311 3082 est.

371 3131 571 3197 Exhibentur
595 3129 647 3193 hic
671 3128 806 3193 Tabulae
833 3129 1056 3218 Genealogicae
1076 3130 1116 3193 ab
1138 3129 1264 3194 Adamo
1287 3128 1329 3193 ad
1356 3127 1519 3194 Christum
1540 3127 1685 3196 deductu:
1693 3157 1703 3209 3
1727 3156 1804 3198 cunr

412 3243 501 3308 brevi
514 3239 724 3326 descriptione
738 3263 944 3326 personarum
959 3243 1200 3327 proecipuarum.

372 3356 426 3423 Sic
440 3355 612 3440 incipiunt:
638 3361 659 3395 “
672 3353 885 3418 Considersns
902 3353 1045 3419 Historie
1069 3355 1164 3419 Sscre
1179 3353 1401 3438 prolixitatem,
1425 3374 1483 3417 nec
1505 3375 1570 3418 non
1592 3367 1624 3420 et
1638 3355 1803 3422 difficulta-

414 3475 436 3510 “
451 3481 533 3532 tem:
558 3465 733 3532 Scolarium
752 3489 878 3553 quoque
898 3465 980 3530 circa
995 3465 1133 3530 studium
1150 3467 1245 3532 Sacrc
1259 3464 1411 3542 lectionis,
1434 3466 1570 3532 maximd
1586 3465 1667 3531 illius
1689 3489 1751 3556 que
1770 3471 1804 3533 in

416 3587 438 3621 ‘⁶
456 3579 601 3644 Historie
615 3577 820 3642 fundamento
834 3591 987 3656 versatur,
1001 3578 1289 3665 negligentiam’'-

375 3690 485 3756 Habet
499 3689 573 3754 folia
587 3699 625 3766 63
648 3703 680 3754 et
694 3689 843 3754 accedere
857 3689 980 3754 videtur
995 3689 1036 3754 ad
1051 3711 1150 3756 annos
1166 3699 1239 3755 500.

372 3801 490 3868 Literae
505 3801 678 3866 mediocres
693 3813 776 3880 sunt,
792 3800 914 3866 modice
929 3801 1125 3878 acuminatae,
1141 3813 1174 3866 et
1187 3801 1261 3864 satis
1276 3800 1443 3888 elegantes.

316 3971 349 4028 2.
372 3963 550 4028 Ysrnonus
566 3961 794 4027 Ernxmonoo.
1640 3961 1711 4028 Fol.
1728 3969 1759 4033 7.

377 4075 459 4140 Sunt
475 4072 588 4138 lsidori
605 4073 807 4158 Hispalensis
823 4071 1094 4161 Etymologiarum
1110 4073 1182 4138 libri
1198 4081 1251 4138 24.

377 4187 430 4252 Sic
444 4185 617 4271 incipiunt:
642 4183 814 4250 “Domino
828 4207 909 4262 meo,
934 4208 995 4271 que
1009 4185 1073 4249 Dei
1088 4190 1165 4270 [pro
1181 4185 1323 4271 Deique]
1338 4205 1438 4262 servo,
1465 4181 1628 4248 BrauIIoni
1645 4182 1805 4272 Episcopo

420 4305 442 4338 ‘⁸
456 4293 622 4362 Ysidorus.
667 4297 766 4361 Omni
781 4295 937 4360 desiderio
951 4295 1125 4361 desideravi
1139 4319 1223 4360 nnnc
1238 4295 1343 4358 videre
1358 4293 1468 4358 facicm
1483 4296 1633 4357 tuam’'-
1763 4287 1765 4292 ¹

375 4407 487 4480 Lineoe
502 4407 611 4472 divisse
625 4419 707 4485 sunt,
731 4407 831 4472 literae
845 4429 952 4492 parvoe
974 4420 1056 4486 sunt,
1079 4430 1144 4471 non
1166 4407 1248 4472 mall:
1269 4385 1421 4471 formatae.
1466 4405 1601 4470 Videtur
1624 4405 1736 4472 Codex
1750 4407 1807 4472 ha·

420 4520 495 4585 bere
509 4541 608 4584 armos
623 4541 719 4605 supra
733 4528 808 4584 400.

379 4631 417 4698 In
433 4629 541 4696 initio:
566 4639 588 4672 “
603 4655 621 4695 e
636 4631 685 4695 coi
701 4629 855 4729 Mo¹¹chop
871 4630 1012 4696 Duneliri
1027 4629 1155 4695 libror.''

323 4805 353 4860 8.
376 4793 488 4858 Lissa
503 4813 547 4858 nu
565 4792 711 4858 Gnuurs
726 4812 769 4856 nr
785 4790 975 4856 Lfflmnus
991 4811 1173 4856 sanemus.

381 4907 433 4974 Sic
448 4905 575 4990 incipit:

422 5025 444 5059 ‘⁴
459 5017 551 5081 Evax
567 5015 640 5080 Rex
655 5013 799 5078 Arabum
814 5013 887 5102 leg'.
903 5013 1049 5102 [legitur]
1064 5015 1184 5078 misisse
1200 5013 1331 5092 Neroni,

426 5137 449 5171 “
464 5127 531 5206 Qui
545 5139 618 5213 post
633 5127 814 5214 Augustum
829 5127 971 5215 regnavit
984 5127 1017 5190 in
1034 5126 1124 5192 Urbe
1143 5127 1371 5192 Secundus''-·

381 5241 606 5329 Fragmentum
622 5251 669 5304 est
694 5246 735 5304 26
751 5261 920 5304 versuum:
946 5239 1128 5304 Proemium
1152 5239 1226 5305 scil.
1242 5252 1274 5304 et
1290 5239 1410 5324 Capitis
1424 5237 1528 5323 primi,
1551 5235 1593 5301 de
1615 5237 1806 5320 Adanmnte,

424 5352 574 5428 initium3
590 5351 624 5414 hi
638 5359 659 5414 4
675 5350 815 5415 Versus:

426 5471 447 5504 “
466 5461 587 5530 Ultima
600 5461 786 5547 precipuum
804 5464 924 5549 *genus
940 5461 1033 5526 India
1046 5460 1107 5526 fert
1119 5460 1361 5546 †Adamsntem,
1503 5458 1699 5555 ,dmm

422 5583 446 5616 “
459 5573 501 5639 de
518 5573 737 5638 Cristallorum
751 5586 861 5637 natum
875 5585 1097 5658 sumptumque
1112 5571 1255 5638 metallis.

425 5693 447 5727 ‘⁶
463 5684 565 5750 Hunc
579 5685 623 5748 ita
637 5682 808 5772 lirlgentem
827 5681 1009 5748 Cristalliuo
1022 5681 1127 5746 reddit
1140 5683 1240 5771 origo,

425 5803 448 5838 “
462 5808 499 5861 ut
513 5795 684 5884 ferruginei
699 5817 764 5860 non
778 5794 902 5860 desinat
916 5817 984 5860 esse
998 5793 1142 5859 coloris.”

381 5906 499 5976 Habeo
512 5907 574 5973 hoc
591 5907 709 5973 Poima
723 5906 846 5972 editum
867 5906 929 5972 sub
945 5905 1125 5971 Morbodaei
1139 5905 1277 5984 nomine,
1299 5927 1373 5970 cum
1389 5905 1523 5976 scholiis
1539 5909 1688 6002 Pictorij:
1711 5915 1754 5982 A.
1764 5913 1810 5983 D.
1877 5958 1883 5970 ·

425 6027 518 6088 1580.
562 6019 617 6086 Ab·
631 6017 742 6086 eidem
757 6039 854 6084 manu
871 6031 919 6085 est
932 6017 994 6106 qut
1010 6017 1126 6085 Isidori
1139 6040 1213 6105 pars
1227 6029 1395 6105 postrema.
