4634 7874
474 1034 549 1108 108
1009 1053 1166 1108 conrcas
1184 1053 1444 1110 ursuscararr

192 1139 394 1206 saraam

196 1229 479 1331 usaoeqprvrpaalffl·
493 1261 565 1323 102.
589 1253 736 1333 Qualiter
751 1252 791 1320 Β.
808 1251 1003 1320 Cuthbertus
1019 1255 1184 1324 inlusula
1201 1255 1324 1324 Farnea
1346 1255 1527 1324 adventanti
1541 1254 1659 1342 hospiti
1677 1260 1737 1342 ¹(eu
1754 1257 1826 1324 villa
1850 1259 1980 1326 Laudo·

590 1368 692 1434 censis
707 1367 845 1456 reffl'onis
860 1389 933 1456 quae
948 1367 1086 1434 Dunbar
1101 1369 1230 1453 dicitur)
1245 1383 1277 1436 et
1291 1383 1387 1456 caput
1408 1368 1621 1455 inexplicabili
1635 1369 1789 1458 languore
1810 1371 1931 1439 dolenti
1946 1375 1978 1438 in

589 1479 686 1545 domo
700 1479 861 1566 hospitum
872 1481 1063 1568 apparuerit,
1080 1495 1113 1547 et
1126 1495 1222 1568 caput
1236 1505 1329 1547 suum
1351 1483 1383 1546 in
1398 1481 1544 1560 fenestra,
1560 1481 1623 1568 qut
1638 1481 1705 1566 ipae
1727 1483 1889 1570 quondam
1903 1507 1980 1550 con·-

590 1605 744 1671 sueverat,
769 1592 922 1658 reclinare
943 1595 1121 1680 preceperit
1140 1607 1173 1660 et
1195 1595 1238 1660 ita
1259 1595 1364 1660 subito
1379 1607 1506 1660 sanatus
1518 1593 1620 1660 suerit
1659 1593 1787 1660 Accidit
1800 1595 1873 1674 hoc,
1890 1597 1977 1678 dum,

594 1706 683 1772 navis
699 1705 825 1772 emendi
838 1707 950 1794 gratia,
966 1707 1008 1772 ad
1025 1707 1152 1772 Novum
1164 1709 1337 1776 Castellum
1348 1721 1544 1796 properaret.
1590 1707 1665 1772 Fuit
1672 1708 1716 1772 ita
1731 1709 1763 1772 in
1779 1732 1895 1798 egenos
1911 1733 1981 1774 mu·

596 1817 710 1884 uilicus
725 1831 761 1884 ut
786 1819 815 1884 ei
832 1818 947 1886 Comes
971 1818 1186 1906 Cospatricius
1211 1820 1244 1884 iu
1270 1819 1377 1884 multis
1395 1831 1589 1906 pepercerat,
1606 1841 1665 1884 uec
1687 1819 1816 1906 quidem
1839 1821 1981 1886 redditus

596 1931 694 1996 00001
713 1931 831 1996 tributa
856 1931 1021 2018 proterret
1046 1931 1101 1998 001
1128 1954 1223 2020 quam
1242 1932 1435 2020 possidendo
1460 1931 1600 1998 excoluit
1619 1933 1782 2018 percipere
1804 1933 1852 1998 vel
1877 1934 1918 1998 ab
1941 1957 1981 2000 eo

597 2043 763 2130 exquirere
778 2043 989 2128 presumebat.
1033 2065 1064 2128 p.
1078 2051 1152 2110 856.

498 2185 570 2244 108.
594 2176 768 2256 Quomodo
784 2176 823 2242 B.
841 2175 1036 2242 Cuthbertus
1057 2176 1219 2264 cujusdam
1241 2177 1397 2242 naturalia
1412 2177 1493 2242 inter
1515 2177 1730 2270 equitandum,
1748 2179 1876 2244 Novum
1903 2181 1981 2247 Cas·

599 2289 709 2355 tellum
724 2286 843 2368 versus,
860 2289 995 2354 contrita
1006 2289 1227 2354 restauraverit
1241 2291 1299 2355 811.
1343 2311 1375 2378 p.
1391 2295 1464 2355 800.

502 2435 574 2494 lot.
596 2425 650 2492 De
664 2425 802 2514 quodam
818 2425 923 2514 Vigila
944 2425 1125 2492 Castellano
1150 2424 1236 2512 apud
1261 2425 1413 2492 Dunelm.
1439 2449 1514 2495 casu
1529 2425 1687 2494 ebrietatis
1708 2428 1813 2495 subito
1834 2429 1981 2498 omnibus

599 2538 749 2602 membris
764 2535 1085 2624 detrito—quomodo
1100 2535 1140 2601 B.
1153 2535 1347 2600 Cuthbertus
1357 2559 1428 2600 eum
1439 2539 1505 2624 jum
1518 2537 1620 2602 solum
1634 2539 1745 2602 mortis
1759 2539 1879 2606 exitum
1894 2563 1983 2627 pres-

601 2649 752 2714 tolantem
772 2648 922 2728 inviserit,
938 2671 978 2713 eo
992 2647 1079 2740 quod
1101 2647 1179 2713 alios
1199 2649 1232 2712 in
1257 2670 1337 2735 opus
1365 2647 1516 2714 Ecclesiae
1538 2671 1604 2714 suae
1619 2649 1771 2714 Dunelm.
1794 2651 1836 2716 ad
1861 2653 1982 2740 lapides

595 2760 811 2848 deportandos
826 2761 958 2826 invitare
974 2761 1084 2826 solitus
1102 2759 1205 2826 fuerit
1253 2759 1327 2824 Fuit
1352 2771 1428 2826 tunc
1442 2761 1592 2848 temporis
1608 2761 1780 2826 Askctinus
1803 2763 1983 2832 Sacrista&

597 2874 777 2942 Hereward
792 2873 889 2962 Vigil.
933 2897 965 2960 p.
982 2883 1057 2940 868.

501 3021 572 3082 105.
595 3011 649 3080 De
664 3011 780 3082 afflicto
794 3033 934 3098 paupere
949 3010 1087 3098 quodam
1103 3011 1172 3100 (qui
1186 3010 1272 3100 apud
1283 3009 1484 3076 Middletune
1499 3009 1532 3074 in
1546 3007 1763 3076 Nortbimbrial
1774 3009 1982 3096 habitaverat)

600 3125 649 3192 cui
674 3123 712 3190 B.
729 3121 925 3188 Cuthbertus
940 3121 980 3188 ad
996 3143 1107 3208 pacem
1122 3143 1211 3186 suam
1236 3121 1269 3184 in
1291 3121 1431 3186 Insulam
1444 3119 1696 3186 Lindisl'ameam
1719 3121 1889 3212 conlbgere
1911 3147 1984 3210 pre-

600 3235 729 3321 ceperit,
754 3233 916 3322 quomodo
935 3255 1042 3296 coram
1063 3232 1210 3296 omnibus
1232 3231 1387 3311 hostibus,
1410 3253 1497 3297 mare
1522 3231 1608 3318 apud
1631 3231 1859 3298 Haliveresatal
1874 3235 1914 3298 sit
1936 3235 1984 3298 in·

599 3368 738 3436 gressus,
754 3359 786 3410 et
800 3367 873 3410 cum
884 3345 1027 3410 inimicos
1042 3345 1109 3430 ipse
1124 3357 1318 3434 agnosceret,
1333 3367 1392 3410 nec
1407 3344 1447 3409 ab
1462 3343 1508 3409 eis
1518 3343 1643 3434 agnitus
1657 3345 1707 3410 vel
1721 3345 1755 3410 in
1768 3346 1875 3434 aliquo
1888 3347 1984 3412 laesus

600 3459 650 3523 sit.
694 3481 727 3544 p.
743 3464 817 3525 866.

500 3605 572 3664 106.
597 3593 780 3673 Quomodo,
797 3593 849 3658 die
864 3591 1011 3680 quadam,
1029 3589 1132 3658 Missa
1140 3593 1208 3680 jam
1222 3589 1368 3657 inchoati
1384 3593 1512 3678 majore,
1529 3605 1678 3658 consueta
1693 3591 1840 3657 Fratrum
1854 3614 1984 3658 annona

597 3709 630 3771 in
646 3705 810 3772 Dunelmo
823 3705 954 3770 omnino
975 3703 1142 3784 defecerat,
1169 3717 1201 3768 et
1221 3703 1358 3769 necdum
1380 3703 1475 3769 missal
1501 3703 1656 3789 completi
1681 3727 1738 3768 sex
1759 3703 1918 3771 salmones
1932 3729 1984 3771 re·

596 3832 701 3886 centes
718 3819 954 3886 Subcelerarius
971 3817 1131 3884 Uctredus
1147 3817 1179 3882 iu
1195 3819 1331 3906 coquina
1344 3819 1508 3904 reperierit
1522 3821 1580 3884 &c
1625 3841 1657 3904 p.
1674 3827 1750 3885 269.

500 3969 572 4031 107.
595 3959 649 4026 De
662 3959 804 4025 karitatis
818 3955 1016 4023 observantia
1038 3957 1072 4021 in
1095 3957 1134 4023 B.
1157 3955 1324 4021 cuthberti
1347 3957 1514 4046 erogandis
1536 3955 1698 4022 beneficiis
1714 3956 1930 4037 custodienda,
1952 3969 1985 4024 et

599 4071 761 4160 quomodo
775 4083 918 4156 tempore
942 4067 1063 4134 Elfredi
1080 4067 1232 4134 Celerarii
1248 4067 1400 4134 Dunelm.
1423 4067 1499 4132 dolii
1515 4069 1608 4133 unius
1630 4067 1813 4155 premodica
1829 4070 1985 4156 quantitas

599 4185 811 4272 proceritatis
826 4183 1001 4250 reverentia
1016 4185 1074 4250 &a
1089 4183 1256 4248 distributa
1272 4183 1303 4246 in
1322 4183 1461 4248 Cellario
1476 4183 1628 4248 Dunehn.
1644 4183 1751 4248 multis
1765 4183 1877 4252 diebus
1891 4184 1986 4252 dura-

603 4299 755 4364 acrithes.
800 4320 832 4384 p.
848 4303 924 4366 878.

505 4443 576 4500 108.
600 4431 747 4510 Qualiter
774 4433 807 4498 S.
834 4430 1029 4497 Cuthbertus
1054 4451 1184 4496 manum
1209 4429 1330 4496 Puellae
1356 4437 1488 4516 (uocatas
1512 4431 1604 4496 Eden
1627 4443 1838 4520 cognomento
1862 4431 1985 4518 Brune)

603 4555 797 4608 contractam
820 4543 987 4622 sanaverit,
1003 4563 1098 4629 quam
1112 4541 1268 4630 gloriosus
1284 4540 1348 4607 Dei
1372 4541 1499 4630 Martyr
1516 4543 1705 4608 Laurentius
1727 4567 1793 4608 suoe
1807 4543 1892 4608 ultor
1906 4545 1989 4631 inju-

604 4657 662 4722 rioe
676 4653 820 4722 contrahi
834 4653 946 4720 effecit
992 4653 1068 4718 Fuit
1084 4653 1178 4719 Pater
1192 4651 1308 4740 puellae
1330 4655 1459 4741 quidam
1481 4657 1608 4720 nomine
1626 4656 1759 4742 Sproicb
1775 4657 1900 4746 anglico
1922 4677 1991 4722 ser·

605 4789 709 4847 mone,
733 4767 787 4855 qui
802 4777 954 4854 precepto
967 4764 1193 4832 Dunelmensls
1210 4765 1433 4832 Elemosinarii
1457 4767 1607 4832 Pontium
1621 4768 1727 4834 diruta
1740 4767 1916 4854 reparabat,
1939 4791 1989 4834 se-

607 4881 723 4946 miruta
737 4880 936 4958 resarciebat,
952 4891 984 4944 et
998 4899 1097 4944 novos
1110 4879 1255 4965 pontium
1267 4879 1415 4944 transitus
1430 4881 1625 4946 conficiebat.
1673 4881 1711 4946 lu
1726 4883 1856 4970 regiam
1866 4880 1989 4947 North·

603 4993 756 5082 ymbranl
772 5017 845 5082 quae
858 4991 994 5062 'lindsle
1008 4991 1504 5059 (1101101100101001001011001111
1518 4991 1762 5083 Bamblingbam
1776 4993 1896 5062 1000111.
1928 4995 1987 5062 Sa·

604 5105 716 5171 cerdos
731 5105 847 5171 ibidem
865 5105 1002 5172 Samuel.
1046 5128 1078 5191 p.
1095 5113 1169 5176 277.

511 5255 582 5312 109.
607 5243 714 5320 Quam
729 5243 839 5308 celeris
853 5265 957 5329 paenoe
967 5241 1135 5310 vindictam
1148 5241 1286 5320 Eilavus‚
1301 5241 1433 5306 Comitis
1443 5242 1631 5326 prepositus,
1643 5241 1768 5319 meruit,
1779 5241 1833 5328 qui
1844 5241 1922 5308 dum
1931 5263 1991 5328 pro

605 5353 845 5440 desponsalibus
859 5353 935 5418 llliae
951 5351 1086 5438 Sproicb
1096 5375 1223 5417 vaccam
1239 5373 1346 5416 versus
1363 5351 1465 5416 Werc
1481 5353 1514 5416 in
1530 5351 1661 5416 Tindall
1676 5351 1858 5430 abduceret,
1875 5373 1991 5416 nomen

608 5465 647 5532 B.
665 5465 834 5532 Cuthberti
849 5465 1049 5552 impudenter
1064 5463 1239 5528 deridendo
1254 5465 1450 5550 contempsit.
1495 5487 1527 5550 p.
1544 5473 1618 5530 282.

517 5615 588 5673 110.
612 5604 759 5684 Qualiter
782 5601 900 5669 ibidem
915 5601 1094 5668 Walterius
1119 5598 1321 5665 Flandrensis
1343 5600 1472 5686 punitus
1494 5600 1543 5678 sit,
1566 5599 1620 5688 qui
1642 5611 1753 5666 contra
1776 5600 1810 5665 S.
1827 5598 1994 5668 Cuthbarti

611 5716 808 5806 prohibitura
822 5713 957 5782 00101110
972 5713 1124 5783 dedomo
1140 5712 1275 5799 Sproicb
1290 5713 1424 5780 sustulit.
1468 5735 1500 5798 p.
1516 5716 1590 5780 888.

518 5861 590 5920 111.
614 5851 789 5931 Quomodo
810 5851 898 5916 nisus
914 5851 1063 5916 silvestris
1085 5873 1173 5914 avem
1191 5849 1408 5918 Bartholamei
1432 5849 1588 5915 Monachi
1609 5851 1643 5914 in
1667 5849 1772 5916 Ferae
1786 5849 1994 5929 devoraverit,

615 5965 671 6030 sed
685 5965 773 6030 exire
787 5987 853 6030 non
867 5964 971 6051 potuit
985 5986 1148 6052 quousque
1163 5965 1343 6050 permissus.
1386 5985 1419 6049 p.
1435 5971 1510 6028 284.

521 6109 594 6168 118.
616 6099 671 6168 De
684 6100 800 6166 clerico
810 6099 947 6188 quodam
964 6098 1182 6186 Norwagensi,
1193 6097 1260 6163 filio
1274 6097 1444 6178 Thumlsd,
1460 6121 1501 6166 ex
1513 6099 1636 6166 civitate
1648 6097 1814 6178 berhensi,
1826 6097 1881 6188 qui
1894 6105 2003 6164 mutus
