4630 7860
530 1091 581 1160 tt
1062 1103 1220 1159 comme
1244 1101 1499 1158 utsuscamr

283 1302 331 1376 A.
341 1302 413 1380 III.
427 1305 487 1384 26,
571 1306 735 1394 Scriptura
747 1303 858 1371 eadem
878 1313 925 1368 est
939 1325 1011 1368 cum
1026 1305 1189 1390 superiori.
1236 1305 1299 1372 Sed
1316 1307 1428 1371 Codex
1443 1306 1570 1370 mutilus
1586 1319 1651 1373 est:
1675 1307 1797 1375 fuerent
1811 1311 1894 1376 enim
1909 1311 1942 1376 in
1956 1333 1994 1376 eo

301 1399 418 1490 1¹²1}ng
620 1427 669 1506 (ut
693 1418 810 1484 indicet
824 1415 910 1480 Nota
932 1417 964 1480 in
985 1415 1088 1484 fronte
1110 1417 1182 1482 libri
1196 1417 1366 1504 adscripti)
1393 1418 1531 1484 Postillae
1556 1419 1589 1482 in
1611 1443 1719 1488 ornam
1740 1424 1840 1492 libros
1859 1428 1993 1520 lingum,

620 1530 756 1608 Esaiam,
772 1541 804 1594 et
817 1529 996 1593 Jeremiarn.

574 1647 614 1711 ln
631 1643 801 1710 Parabolos
817 1642 1002 1708 fflomonis.

575 1755 738 1842 Scriptura
750 1754 820 1818 baec
843 1775 863 1816 a
884 1751 1096 1838 superioribus
1118 1753 1251 1818 multum
1266 1753 1389 1818 diversa
1410 1767 1474 1820 est:
1497 1755 1607 1821 Lineae
1628 1759 1712 1823 enim
1727 1762 1884 1828 continuae
1905 1779 1995 1846 sunt;

617 1865 735 1932 Literae
758 1862 840 1929 male
864 1863 1016 1940 formate,
1042 1875 1074 1928 et
1099 1863 1180 1928 inter
1205 1887 1239 1930 se
1262 1865 1438 1952 implicatoe.
1489 1867 1622 1934 Videtur
1645 1894 1807 1962 assurgere
1831 1877 1872 1942 ad
1897 1901 2002 1946 annos¹

616 1987 691 2044 400.

575 2089 744 2156 Hodierna
759 2087 907 2173 Cupitum
921 2087 1080 2152 distinctio
1094 2088 1126 2151 in
1141 2087 1283 2177 margine
1297 2111 1318 2153 a
1330 2111 1427 2155 manu
1441 2091 1542 2176 primi
1557 2105 1692 2160 nonan.

430 2362 489 2443 27.
516 2351 703 2428 Posritts
716 2373 764 2424 nr
781 2347 962 2424 Incrunt
981 2348 1254 2438 Fn’1a,R.oe’rr
1275 2350 1467 2428 Honore
1483 2377 1532 2426 ne
1551 2353 1705 2432 Oenius
1723 2357 1823 2434 Fa’u
1842 2361 1990 2442 P'nrct·

843 2474 930 2546 ron'
949 2475 1030 2546 sur'
1048 2495 1196 2548 meeum
1215 2473 1339 2548 Sse'ns
1359 2477 1591 2575 [sapientia]

557 2625 684 2690 Titulus
698 2623 750 2688 hic
764 2623 797 2686 in
811 2621 876 2686 line
889 2621 962 2687 libri
978 2621 1134 2688 scribitur
1146 2645 1169 2686 a
1178 2643 1275 2688 mann
1289 2622 1402 2708 print.

559 2736 712 2802 Scribitur
726 2734 823 2800 literis
837 2733 976 2812 cursivis,
992 2734 1100 2812 acutis,
1118 2737 1210 2820 (ques
1225 2733 1414 2800 Secretarias
1428 2734 1525 2822 vulgo
1537 2750 1651 2802 vocant
1661 2740 1685 2819 ς)
1700 2739 1733 2803 in
1747 2741 1911 2823 columnis,
1923 2769 1995 2833 quae

514 2848 641 2914 suntin
662 2859 729 2910 toto
750 2845 832 2910 libro
854 2855 927 2910 890.
973 2838 1228 2922 Interodumma,
1248 2847 1313 2910 sive
1337 2845 1444 2932 Spatia
1466 2847 1546 2910 inter
1568 2847 1739 2928 cdtmrnas,
1761 2851 1995 2944 distinguuntur

513 2960 610 3025 literis
625 2983 653 3036 a,
669 2958 701 3036 b,
717 2981 745 3036 e,
761 2959 819 3022 dcc.
842 2959 874 3020 in
889 2977 981 3021 usum
997 2955 1113 3021 Indicis
1127 2957 1182 3043 qui
1197 2957 1230 3020 in
1244 2956 1309 3022 line
1322 2957 1393 3021 libri
1409 2957 1580 3043 subjiciam
1669 2977 1673 2990 ·

559 3071 597 3134 ln
612 3069 701 3134 initio
715 3068 788 3132 libri
802 3067 872 3132 hec
885 3079 961 3132 nota
975 3065 1109 3154 legittu:
1126 3074 1148 3108 ‘⁴
1159 3066 1258 3132 Liber
1272 3066 1396 3133 Dofiini
1406 3067 1500 3132 witti
1517 3067 1681 3134 Ebchestr’
1699 3070 1825 3138 Mo⁰chi
1840 3073 1992 3154 Dunelrii,

517 3190 539 3226 ‘⁶
552 3203 593 3246 ex
607 3179 746 3266 empo‘iie.
793 3179 934 3244 Pretium
948 3177 991 3264 iiij
1009 3176 1142 3244 Msrdss’

558 3293 601 3357 Et
615 3291 696 3356 infra
710 3291 806 3356 literis
821 3290 1012 3354 minoribus:

559 3411 581 3444 ‘⁶
598 3403 719 3468 Holcot
733 3425 792 3488 sup
806 3401 888 3466 tibru
905 3401 1028 3486 Sapie?

562 3522 583 3555 ‘⁶
599 3514 662 3578 Iste
685 3514 765 3578 liber
786 3513 962 3600 assignatur
985 3510 1129 3575 Librarie
1154 3510 1307 3612 Mo⁰chop
1330 3511 1481 3578 Duneltii.
1503 3538 1526 3602 p
1550 3497 1709 3582 Veldabili
1733 3519 1838 3586 P‘rem
1865 3522 1993 3613 Magrm

515 3627 631 3692 Wittm
648 3627 821 3692 Ebchestre
838 3625 963 3690 P'orem
978 3623 1150 3690 Duneltii.''

560 3738 742 3802 Willelmus
769 3736 942 3802 Ebchestre
967 3735 1066 3801 iactus
1087 3749 1134 3802 est
1159 3736 1252 3802 Prior
1273 3759 1357 3802 anno
1384 3747 1484 3818 14463
1509 3741 1653 3815 Priorem
1676 3745 1767 3808 cessit
1788 3767 1872 3812 anno
1902 3759 1994 3820 1456.

516 3849 616 3915 Hunc
631 3863 735 3914 autem
752 3849 903 3914 Codicem
925 3847 1000 3912 emit
1014 3869 1086 3912 cum
1110 3847 1289 3914 Monachus
1311 3847 1415 3914 adhuc
1436 3863 1533 3916 esset:
1556 3851 1635 3918 adeo
1657 3867 1692 3920 ut
1713 3857 1845 3942 scriptus
1867 3859 1996 3926 fortasse

514 3961 608 4026 hierit
622 3961 693 4026 circ.
710 3983 827 4025 annum
846 3969 946 4037 14003
970 3969 1012 4026 50
1034 3959 1150 4024 scilicet
1172 3961 1261 4024 annis
1275 3973 1347 4046 post
1363 3961 1498 4027 Holkoti
1518 3981 1661 4043 mortem,
1685 3989 1756 4053 quae
1771 3969 1879 4036 incidit
1893 3970 1926 4034 in
1941 3994 1996 4036 an-

513 4093 591 4138 num
610 4081 702 4137 1849.
758 4071 843 4134 Nota
868 4071 964 4158 igitur
977 4071 1010 4134 in
1025 4069 1089 4133 fine
1111 4069 1182 4134 libri
1197 4070 1362 4157 adscripta,
1386 4097 1457 4158 quae
1472 4073 1586 4140 librum
1609 4074 1693 4140 hmrc
1718 4075 1863 4143 Holkoto
1877 4081 1994 4162 tribuit,

515 4183 639 4247 videtur
659 4202 768 4244 eorum
783 4181 968 4244 sententiam
990 4177 1134 4256 refutare,
1158 4180 1212 4264 qni
1235 4199 1307 4243 eum
1324 4180 1503 4268 Reginaldo
1525 4185 1566 4247 de
1581 4185 1676 4264 Aine,
1700 4185 1862 4252 Monacho
1880 4191 1996 4257 Cister-

516 4293 622 4370 ciensi,
638 4290 829 4354 adscribunt.
872 4313 902 4352 v.
919 4287 1048 4353 thrt.
1115 4311 1119 4320 ¹

431 4559 490 4628 928.
517 4551 745 4628 Telesinus
772 4549 867 4626 D’m
893 4550 1084 4624 Srnrnnm
1108 4547 1412 4626 Cnnrunamusrs
1442 4551 1647 4628 Ancnme'r
1666 4559 1723 4632 s’s
1749 4557 1992 4637 Ecc'nsrrcu'

971 4679 1101 4774 [super
1119 4671 1450 4772 ecclesiasticum]

560 4823 738 4910 Stephanus
763 4821 958 4910 Langtonus,
985 4821 1249 4908 Anchiepiseopus
1273 4823 1519 4902 cantuariensis,
1543 4825 1598 4912 qni
1618 4825 1696 4890 obiit
1716 4849 1802 4892 anno
1816 4829 1884 4896 Diii
1903 4839 1995 4900 1228.

517 4934 767 5002 Commentarios
781 4933 905 5018 scripsit
919 4933 951 4996 in
969 4931 1136 5020 plerosque
1150 4945 1217 4998 tum
1232 4933 1366 5012 Veteris,
1389 4947 1456 5000 tmn
1472 4935 1556 5000 Novi
1571 4935 1765 5004 Testamenti
1780 4941 1893 5007 libros:
1917 4967 1996 5030 quo-

515 5069 587 5112 rum
601 5046 707 5112 tittrlos
724 5044 894 5122 Lelaudus,
920 5043 1045 5122 Baleus,
1069 5057 1102 5110 et
1124 5045 1247 5110 Pitseus
1262 5045 1410 5112 indicant.
1456 5046 1575 5112 Eorum
1595 5049 1701 5115 nullus
1720 5049 1753 5114 in
1774 5051 1877 5118 lucem
1891 5056 1993 5140 publi·

515 5181 585 5226 cam
609 5157 711 5224 editus
736 5169 802 5220 est:
826 5155 881 5220 sed
895 5155 1038 5243 plerique
1059 5156 1159 5221 latent
1177 5155 1257 5222 Meti
1271 5157 1303 5220 in
1321 5157 1446 5246 Anglioe
1465 5159 1672 5240 bibliothecis,
1699 5185 1776 5250 quas
1794 5165 1915 5234 Pitseus
1930 5191 1995 5234 me·

515 5282 627 5336 morat.

561 5383 661 5446 Hunc
670 5394 773 5446 autem
785 5379 899 5444 librum
913 5377 1027 5443 Baleus
1038 5392 1128 5443 vocat
1141 5401 1178 5442 ru
1190 5379 1478 5447 Ecctesrnsrrcuu
1491 5404 1643 5450 sorbens
1652 5407 1719 5452 me.
1739 5397 1766 5453 1.
1792 5390 1914 5456 Pitseus
1925 5391 1995 5457 No-

517 5512 576 5556 rss
592 5491 881 5556 Eccnesrssrrcuu
897 5511 963 5554 me.
977 5510 1098 5554 uuum:
1115 5513 1155 5555 ex
1170 5492 1285 5578 quibus
1300 5493 1397 5556 titulis
1412 5493 1527 5558 librum
1542 5518 1609 5560 esse
1623 5497 1757 5563 modicee
1772 5500 1994 5586 magnitudinis

518 5603 671 5689 conjicere
685 5600 766 5668 licet
812 5603 856 5666 At
870 5601 921 5666 hic
943 5601 1194 5667 Commentarius
1217 5619 1281 5667 non
1301 5627 1407 5690 parvoe
1428 5605 1520 5670 molis
1545 5620 1611 5674 est:
1636 5608 1777 5694 Scriptus
1797 5621 1843 5672 est
1858 5611 1943 5674 enim
1957 5611 1995 5674 li·

516 5713 592 5780 teris
605 5713 743 5791 minutis,
765 5725 796 5776 et
811 5713 919 5796 implet
933 5711 1006 5778 folia
1020 5721 1095 5791 209,
1120 5715 1168 5778 ie.
1183 5716 1314 5802 paginas
1336 5725 1418 5782 418:
1441 5718 1521 5784 adeo
1535 5730 1580 5797 ut,
1604 5719 1630 5784 si
1651 5721 1732 5805 typis
1754 5719 1994 5802 exscriberetur,

518 5823 646 5890 efficerit
661 5823 817 5888 Volumen
832 5821 954 5885 infolio
970 5829 1017 5908 (ut
1031 5825 1156 5905 vocant)
1179 5833 1254 5902 600,
1270 5821 1311 5889 ad
1325 5825 1499 5907 minimum,
1526 5841 1581 5894 aut
1604 5837 1665 5898 700
1679 5827 1885 5918 paginarum:
1909 5856 1996 5899 com·

517 5935 634 6023 pendia
646 5934 730 5998 enim
744 5931 900 5999 scribendi
916 5933 947 5995 in
963 5933 1092 6022 singulis
1106 5955 1187 6019 pene
1200 5933 1390 6001 dictionibus
1405 5951 1582 6004 occurrunt.

561 6047 677 6114 Baleus
703 6048 755 6126 ait,
777 6048 855 6134 (eiq3
874 6047 1002 6110 assentit
1023 6045 1197 6111 Godwinus
1220 6047 1251 6110 in
1277 6047 1512 6114 Commentario
1532 6052 1573 6114 de
1596 6050 1788 6118 Proeurlibus
1811 6055 1996 6144 Anglicanis

517 6183 590 6250 pag.
608 6161 683 6244 126)
707 6157 901 6243 Stephanum
915 6157 1000 6224 hunc
1014 6179 1123 6224 omnes
1138 6157 1314 6226 Bibliorum
1328 6159 1425 6228 libros
1435 6163 1469 6228 in
1485 6162 1597 6247 Capite
1611 6161 1789 6234 distinxisse
1804 6167 1918 6254 quihus
1934 6169 1996 6236 Ec·
