4650 7852
820 1079 1007 1132 ECCLESIAE
1032 1078 1311 1133 Burunitanus.

101 1278 144 1352 Β.
165 1277 224 1352 II.
244 1287 304 1368 97.
386 1286 417 1342 2.
439 1275 493 1342 De
509 1275 645 1341 Peccata
661 1276 828 1366 originali,
843 1281 962 1368 pagina
975 1301 1049 1345 una.

110 1375 207 1416 Μία
391 1391 443 1456 Sic
458 1389 583 1475 incipit:
609 1389 718 1467 “Quo
732 1392 807 1456 vitia
820 1391 1023 1457 humauu’'-

333 1536 363 1590 4.
387 1525 442 1590 Da
461 1525 547 1590 Fron
564 1547 607 1590 1111
625 1525 783 1592 Parrum.

391 1639 539 1702 Auctoris
554 1660 670 1702 nomen
684 1660 749 1701 non
771 1639 958 1724 apponitur:
983 1637 1043 1700 nisi
1059 1637 1144 1724 qubd
1166 1638 1198 1700 iu
1220 1637 1310 1701 initio
1332 1635 1427 1723 hujus
1450 1637 1577 1704 Codicis
1601 1643 1635 1725 (a
1648 1639 1815 1704 recentiori

433 1764 539 1814 tamen
548 1752 657 1831 manu)
673 1751 860 1815 inscribatur
876 1759 898 1790 ‘⁶
909 1753 993 1835 Aug.
1005 1749 1045 1812 de
1059 1749 1137 1812 Fide
1149 1749 1190 1812 od
1202 1749 1362 1812 Petrum.”
1393 1751 1438 1812 At
1447 1748 1533 1813 hunc
1544 1750 1660 1814 librum
1670 1773 1735 1816 non
1746 1775 1816 1816 esse

434 1861 616 1950 Augustini,
632 1862 688 1926 sed
704 1863 860 1950 Fulgentij
879 1860 1062 1945 Ruspensis,
1078 1859 1216 1924 ostendit
1232 1859 1348 1923 Editor
1365 1859 1607 1940 Benedictinus3
1630 1849 1815 1928 aucmritate

435 1985 500 2036 tum
518 1973 717 2038 Corbeieusis
732 1973 817 2038 mille
831 1994 985 2036 annorum
1002 1970 1100 2048 Msii3
1123 1985 1190 2036 tum
1207 1971 1404 2055 Scriptorum
1417 1983 1559 2037 veterum
1581 1974 1723 2060 quicum
1740 1975 1817 2040 Ful·

434 2085 542 2172 gentio
557 2085 744 2149 tribuerunt.

396 2197 448 2262 Sic
462 2196 588 2281 incipit:
614 2205 636 2237 “
651 2195 836 2282 Epistolam,
852 2196 898 2260 fili
914 2197 1019 2274 Patre,
1034 2208 1088 2260 tue
1102 2195 1239 2259 caritatis
1253 2195 1424 2279 accepi'-

392 2307 494 2373 Deest
508 2309 540 2370 in
555 2307 617 2371 hoc
641 2307 759 2372 Codice
781 2305 874 2393 hujus
899 2307 1049 2371 tractatirs
1077 2305 1155 2370 Pars
1170 2305 1289 2382 ultima,
1316 2329 1388 2392 quae
1411 2306 1444 2368 in
1470 2305 1560 2369 editis
1581 2306 1669 2370 libris
1684 2307 1819 2396 legitur:

437 2441 594 2506 quamque
609 2419 693 2484 idem
707 2420 809 2484 editor
824 2421 867 2484 ait
881 2419 914 2483 in
930 2418 1026 2484 Msiis
1049 2417 1262 2482 vetustissimis
1283 2439 1351 2482 nou
1366 2418 1518 2482 inveniri:
1541 2440 1643 2505 neque
1660 2420 1819 2508 Fulgentij

440 2553 508 2595 esse
522 2543 622 2616 putat

399 2643 482 2707 Sunt
497 2654 515 2708 8
531 2642 615 2707 folia.

399 2753 547 2818 Occurrit
561 2755 685 2833 iterum,
701 2755 735 2818 in
750 2755 920 2820 Volumine
935 2757 1087 2843 sequenti.

342 2901 372 2958 5.
394 2891 450 2956 Du
467 2891 633 2956 Momaus
650 2893 814 2957 Eccnusrr
832 2894 1040 2970 Curuomcr,
1057 2913 1100 2956 uc
1116 2911 1159 2954 ua
1178 2889 1339 2955 Momaus
1356 2889 1396 2954 M
1399 2911 1627 2957 autentorum
1642 2913 1687 2957 m.
1703 2901 1734 2956 2.

402 3001 584 3089 Praefigitur
599 3003 771 3090 Augustini
785 3003 879 3066 decis
897 3003 1058 3066 Sententia
1071 3024 1112 3065 ex
1123 3001 1204 3064 libro
1218 3001 1498 3065 Retractatiorum:
1524 3011 1546 3042 “
1557 3002 1629 3066 Jam
1647 3003 1824 3088 baptizatus

445 3121 467 3154 ‘⁴
481 3136 553 3177 cum
571 3113 673 3176 Rome
689 3115 853 3176 essem”-

402 3225 455 3290 Sic
470 3225 578 3309 incipit
592 3224 672 3289 liber
686 3225 824 3309 primus:
849 3231 870 3264 ⁶‘
882 3222 921 3286 In
936 3223 1004 3286 aliis
1019 3223 1107 3286 libris
1122 3222 1195 3285 satis
1210 3223 1323 3307 opinor
1338 3224 1438 3310 egisse
1452 3225 1575 3286 nos’'--
1675 3273 1676 3280 ,

402 3335 513 3401 Habet
527 3335 601 3400 folia
617 3346 646 3401 8.
693 3335 842 3400 Occurrit
856 3357 960 3420 supra,
979 3335 1060 3399 Cod.

403 3447 567 3512 Secundus
582 3448 643 3511 sic:
669 3447 791 3510 “Nulli
806 3471 872 3511 esse
887 3447 1023 3511 arbitror
1037 3447 1233 3512 dubimn’'—
1277 3448 1358 3513 Sunt
1371 3447 1446 3510 folia
1461 3447 1569 3511 itidem
1585 3458 1620 3512 8.

388 3560 428 3624 In
442 3559 544 3624 fronte
560 3560 651 3624 libri:
677 3568 699 3601 “
715 3559 786 3624 Lib.
812 3560 865 3625 Sti
887 3559 1053 3640 [Cuthbti]
1075 3559 1116 3624 de
1135 3559 1287 3624 Dunelffi.
1311 3561 1485 3647 assignatus
1507 3561 1555 3623 cdi
1577 3559 1739 3624 abnariola
1754 3560 1826 3626 Du-

347 3681 369 3714 “
382 3673 477 3736 nelm.
492 3695 513 3758 p
529 3672 619 3736 Dirm
628 3671 739 3736 Joitem
756 3670 797 3735 de
813 3670 1070 3758 Hemyngburgh
1085 3673 1193 3756 q⁰ndm
1206 3671 1300 3734 P'ort':
1315 3671 1486 3735 Dunelffi.''
1518 3669 1608 3735 Obiit
1621 3673 1679 3734 iste
1688 3672 1828 3735 Joannes

346 3784 388 3847 A.
400 3783 445 3847 D.
465 3789 558 3847 1416.
604 3781 669 3846 Sed
683 3781 806 3846 videtur
820 3782 900 3846 liber
920 3783 987 3867 ipse
1009 3781 1148 3867 ejusdem
1170 3782 1269 3846 aetatis
1291 3804 1364 3846 cum
1381 3781 1499 3846 Codice
1515 3789 1567 3858 23,
1591 3782 1646 3868 qui
1660 3782 1701 3847 ab
1715 3776 1828 3848 eodem

347 3893 460 3957 Priore
474 3893 595 3979 legatus
610 3903 666 3956 est

392 4003 502 4068 Lineae
518 4001 626 4067 divisae
641 4014 730 4067 sunt:
747 4003 865 4068 Literae
879 4002 1064 4068 mediocres.

263 4270 323 4340 28.
349 4264 568 4340 Aucusrnu
586 4289 804 4340 cancarrus
820 4275 858 4340 4.

351 4424 378 4478 1.
400 4413 457 4480 Da
473 4413 669 4478 anurrsra
685 4435 780 4479 mum
799 4423 849 4480 15.

448 4526 688 4590 Praemittuntur

406 4647 435 4702 1.
459 4639 629 4726 Augustini
643 4637 683 4702 de
697 4637 746 4702 his
761 4637 849 4702 libris
866 4637 1018 4714 Censura,
1035 4659 1075 4700 ex
1092 4635 1376 4701 Retractationibus
1388 4634 1464 4722 ejus.

405 4757 436 4813 2.
461 4749 613 4835 Ejusdem
629 4748 772 4834 Epistola
786 4747 826 4812 ad
843 4749 1018 4813 Aurelium.

404 4869 435 4924 3.
459 4859 597 4947 Singulis
611 4859 699 4922 libris
716 4859 864 4943 Capitum
878 4869 1071 4945 argumenta.

348 5002 379 5060 2.
401 4994 457 5059 Da
473 5004 514 5060 88
532 4994 802 5072 Quasmorunus.
847 4999 892 5074 [v.
908 4993 989 5058 infra
1004 4994 1085 5060 Cod.
1101 5003 1153 5061 29.
1169 5007 1208 5059 tr.
1224 5002 1271 5076 2.]

407 5104 460 5170 Sic
474 5105 601 5190 incipit:
627 5113 648 5148 ‘⁶
664 5105 782 5171 Utrum
798 5105 916 5170 Anima
930 5129 950 5170 a
964 5106 1064 5191 seipsi
1080 5107 1129 5172 sit
1185 5106 1291 5171 Omne
1305 5126 1415 5170 verum
1430 5127 1449 5168 a
1464 5105 1593 5168 veritate
1603 5123 1713 5166 verum
1728 5106 1807 5167 est.'’

349 5249 378 5304 3.
402 5239 516 5304 Lraaa
532 5241 729 5305 Aucusruu
746 5262 790 5305 111
807 5241 955 5306 Parrum
970 5242 1175 5320 Drscouuu,
1192 5262 1236 5305 ua
1254 5241 1340 5305 Frua
1358 5241 1432 5306 Sc’u
1449 5239 1665 5304 Tmurrrms.

406 5349 618 5414 Observatum
633 5365 680 5414 est
693 5351 788 5436 paulo
803 5373 898 5436 supra
920 5351 975 5436 (ad
991 5352 1071 5416 Cod.
1088 5359 1139 5420 27.
1156 5363 1322 5414 tractatum
1337 5352 1382 5431 4.)
1404 5371 1470 5413 non
1485 5371 1552 5414 esse
1567 5350 1748 5437 Augustini,
1771 5349 1827 5415 sed

451 5460 619 5548 Fulgentij.

350 5606 381 5662 4.
405 5595 518 5662 Lusus
535 5599 732 5662 Auousrrur
748 5619 792 5662 nu
808 5599 1012 5664 Duucmrun
1029 5619 1072 5662 ur
1088 5609 1107 5663 8
1124 5598 1394 5676 Quusmouruus.

410 5709 462 5773 Sic
477 5709 604 5793 incipit:
629 5718 650 5751 ‘⁶
665 5709 829 5786 Quantum
844 5711 921 5773 mihi
936 5709 1068 5788 videtur,
1085 5709 1130 5773 fili
1144 5709 1332 5787 dulcissime,
1348 5709 1397 5773 vel
1412 5708 1620 5788 dilectissime,
1634 5709 1787 5776 Dulciti.’'

395 5819 433 5884 ln
449 5809 513 5886 line
526 5821 617 5886 libri:
643 5822 774 5886 “Liber
791 5823 844 5888 sei
861 5822 991 5886 Cutbbti
1006 5823 1046 5886 de
1062 5823 1213 5887 Duneliri.
1230 5845 1271 5887 ex
1284 5823 1473 5906 peuracione
1488 5821 1546 5885 fiis
1564 5821 1659 5886 Romi
1674 5823 1714 5888 de
1725 5824 1830 5910 Gray-

353 5937 375 5972 “
389 5931 514 5995 stams.''
560 5933 613 5997 Ab
628 5934 738 6000 eidem
760 5933 905 5999 videntur
919 5957 1025 6014 manu,
1049 5934 1110 6020 qud
1125 5935 1197 6000 libri
1212 5934 1388 6020 superiores
1411 5939 1479 6015 [19,
1497 5939 1555 6016 20]
1578 5933 1745 6001 abeodem
1761 5934 1832 6000 Ro·

352 6041 442 6107 berto
456 6045 627 6129 procurati.
