4592 7850
503 1119 577 1201 970
1029 1131 1184 1184 comens
1209 1131 1465 1184 uuuuscmerr

269 1338 312 1414 C.
335 1333 436 1412 II..⁶2.
543 1337 596 1402 An
621 1335 683 1400 sint
698 1332 884 1418 Innocentij‚
908 1331 1034 1398 nescio:
1058 1353 1123 1396 neu
1144 1331 1243 1396 edidit
1264 1355 1317 1397 eas
1333 1331 1480 1398 Labbeus
1505 1329 1585 1393 inter
1607 1331 1683 1396 alias
1701 1329 1863 1400 Pontificis
1884 1337 1975 1402 istius

277 1433 367 1476 '⁰²¹⁰
588 1446 756 1533 Epistulas.

545 1559 584 1622 In
606 1557 716 1624 eadem
731 1555 844 1645 pagini
861 1555 1014 1643 adjicitur,
1031 1555 1071 1621 ab
1093 1555 1153 1622 alisi
1175 1579 1281 1634 manu,
1300 1565 1321 1598 ‘⁶
1334 1555 1528 1620 Constitutio
1541 1555 1707 1640 Synodulis
1723 1559 1755 1622 in
1771 1559 1899 1628 Diocesi
1922 1571 1969 1649 (ut

588 1669 724 1752 videtur)
748 1669 965 1745 Duuelmensi,
987 1667 1027 1733 de
1048 1667 1181 1734 Decimi
1199 1667 1287 1732 Lane
1308 1680 1340 1731 et
1363 1667 1539 1755 Agrorum,
1562 1679 1594 1730 et
1610 1668 1782 1736 Caseorum
1794 1675 1823 1738 :'’
1839 1699 1910 1763 quae
1924 1680 1968 1742 sic

590 1781 722 1866 incipit:
755 1789 776 1822 “
793 1780 843 1844 Ne
869 1780 1075 1844 Decimarum
1103 1778 1245 1844 contusio
1275 1778 1525 1864 provenientium
1552 1799 1594 1842 ex
1621 1779 1721 1860 Lanr,
1752 1797 1783 1850 et
1809 1789 1911 1876 Agnis
1938 1807 1967 1856 et

591 1899 613 1934 “
629 1891 802 1958 Caseis”-

489 2041 519 2096 6.
543 2030 726 2096 Guneonrr
744 2025 834 2092 Puer.
854 2023 922 2090 10ml
942 2023 1235 2090 Cousrrrurrouas
1251 2041 1352 2086 autre
1370 2043 1407 2086 ru
1425 2021 1589 2088 Coucrnro
1606 2023 1845 2110 Lucnuunusr,
1869 2033 1910 2098 A.
1923 2035 1967 2101 D.

594 2149 686 2209 tart.
1764 2141 1855 2206 Folio
1870 2153 1922 2210 22.

546 2252 752 2319 Proemittitur
769 2249 910 2336 Epistola
926 2248 1073 2336 Gregorij
1088 2247 1129 2312 ad
1146 2247 1390 2312 Universitatem
1408 2246 1659 2326 Bononiensem
1680 2273 1751 2336 quae
1766 2253 1798 2316 in
1816 2255 1929 2321 Pluteo
1945 2281 1968 2324 ι,

589 2363 670 2428 Cod.
687 2373 717 2428 9.
732 2375 821 2426 tract.
839 2371 868 2426 8.
886 2357 1113 2425 Parisiensibus
1129 2359 1324 2423 inscribitur:
1341 2369 1372 2422 et
1387 2357 1497 2422 eudem
1512 2373 1558 2423 est
1573 2383 1645 2424 cum
1662 2361 1897 2448 innocentiani,
1916 2395 1968 2436 su.

587 2497 646 2560 pra
661 2487 749 2539 tract.
767 2483 806 2540 5:
823 2487 857 2536 nt
872 2472 1006 2535 formula
1019 2470 1194 2534 communis
1208 2467 1303 2533 fuisse
1319 2467 1470 2534 videatur.

544 2585 790 2652 Constitutiones
805 2584 923 2648 eaedem
939 2595 1012 2646 sunt
1025 2605 1097 2670 quae
1112 2583 1143 2644 in
1160 2581 1302 2658 Lubbe0,
1316 2593 1349 2645 et
1362 2581 1472 2646 eodem
1488 2581 1601 2647 ordine
1613 2586 1733 2670 positae.

544 2699 661 2763 Glossa
681 2697 714 2760 in
733 2695 790 2759 has
807 2693 1064 2770 Constitutiones,
1088 2693 1152 2758 sive
1175 2697 1223 2778 (ut
1245 2692 1297 2756 bic
1312 2694 1453 2775 vocatur)
1478 2695 1668 2780 Apparatus,
1695 2721 1760 2764 non
1775 2701 1807 2766 in
1827 2708 1967 2794 margine

587 2807 765 2895 apponitur,
782 2805 837 2870 sed
854 2806 884 2868 iu
900 2805 994 2868 finem
1010 2805 1157 2891 rejicitur.
1782 2813 1857 2880 folio
1873 2827 1924 2884 30,

530 2987 569 3052 In
584 2985 647 3048 fine
664 2983 929 3047 constitutionum
954 2981 998 3062 (in
1013 2979 1128 3066 pagini
1144 2978 1250 3056 vacui,
1275 2977 1327 3045 sol.
1348 2989 1400 3046 29.
1415 2979 1462 3062 b.)
1484 2981 1703 3048 adscribuntur
1725 2987 1766 3050 ab
1787 2989 1847 3055 uit
1862 3015 1966 3072 manu,

485 3099 582 3162 literis
603 3095 742 3172 minutis,
759 3092 944 3158 “Rationes
967 3113 1063 3176 quere
1088 3089 1244 3176 Expensae
1259 3089 1349 3156 factae
1373 3091 1404 3154 in
1422 3091 1583 3158 Electione
1597 3093 1746 3182 Episcopi
1769 3097 1891 3166 refundi
1913 3103 1970 3169 de·

488 3223 508 3254 “
524 3211 648 3276 beent?

529 3323 582 3388 Sic
597 3320 768 3404 incipiunt:
794 3315 922 3392 “Quod
940 3315 1086 3400 Expense
1102 3315 1180 3378 facte
1192 3315 1276 3378 circa
1290 3315 1484 3380 Elec-tionem
1503 3317 1651 3404 Episcopi
1670 3319 1710 3384 de
1725 3325 1906 3426 necessitate
1921 3350 1970 3392 re-

490 3443 511 3476 “
524 3432 614 3498 fundi
629 3431 826 3494 debean?—

531 3609 563 3673 T
564 3621 633 3672 otus
650 3605 772 3682 Codex,
788 3604 861 3668 licet
881 3623 945 3665 non
960 3601 1001 3666 ub
1023 3601 1132 3668 eidem
1155 3603 1284 3666 sortasse
1306 3625 1411 3680 manu,
1435 3603 1573 3689 ejusdem
1588 3617 1691 3670 tamen
1713 3607 1835 3674 videtur
1850 3613 1970 3692 attatis3

488 3721 613 3798 scilicet,
629 3739 783 3784 annorrun
799 3715 921 3780 circiter
936 3725 1010 3780 400.
1056 3713 1236 3778 Bonifacius
1251 3714 1334 3778 enim
1347 3723 1415 3792 8'¹¹⁸,
1431 3717 1518 3802 eujus
1536 3717 1781 3784 constitutiones
1796 3719 1848 3786 bic
1860 3727 1972 3810 [supra

490 3849 578 3900 tract.
596 3839 633 3913 4]
649 3831 808 3918 leguntur,
824 3827 903 3892 obiit
918 3827 1005 3892 A.D.
1025 3837 1118 3894 1308.

532 3947 642 4010 Lineoe
664 3955 736 4006 sunt
759 3939 884 4016 divisoe;
913 3939 1030 4004 Literae
1052 3939 1085 4002 in
1109 3939 1215 4004 Textu
1238 3939 1420 4018 mediocres,
1448 3941 1481 4003 in
1504 3941 1619 4008 Glossri
1642 3943 1789 4024 minores,
1812 3967 1876 4010 non
1891 3949 1974 4014 male

489 4059 641 4124 formatoe.

533 4171 671 4235 Fuerant
685 4167 717 4230 in
732 4165 793 4230 boc
810 4165 929 4230 Codice
951 4169 998 4248 (ut
1014 4186 1055 4230 ex
1070 4163 1216 4230 Iudiculo
1230 4166 1364 4246 constat)
1387 4164 1633 4230 constitutiones
1650 4167 1866 4236 cardinalium
1881 4171 1973 4238 Otto·

489 4283 538 4347 nis
552 4293 584 4346 et
600 4277 764 4354 Ottoboni,
784 4275 1022 4342 Pontificiorum
1037 4277 1071 4338 in
1088 4275 1203 4363 Anglii
1220 4276 1431 4364 Legatorum;
1447 4299 1518 4364 quae
1533 4299 1618 4342 nunc
1632 4279 1827 4346 exciderunt.

534 4393 573 4457 ln
588 4389 677 4454 initio
690 4387 782 4452 libri:
809 4387 894 4452 “De
909 4386 1042 4472 registro
1057 4385 1125 4451 Diii
1142 4385 1261 4450 Prioris
1277 4385 1530 4452 Dunelmensis.”

534 4502 678 4578 Inferius,
706 4500 746 4564 ab
770 4497 831 4562 sliri
853 4497 1029 4584 antiquiore
1050 4519 1163 4562 manu:
1189 4497 1403 4564 “Decretales
1425 4521 1515 4578 nove,
1542 4522 1582 4563 ex
1607 4501 1693 4564 douo
1717 4503 1785 4566 Fris
1812 4505 1910 4570 Gilbti
1933 4508 1978 4572 de

491 4625 512 4656 ‘⁶
529 4613 704 4700 Sbyrbum‚
721 4609 880 4675 communi
895 4609 1062 4673 arrnariolo
1077 4608 1295 4688 Dunelmensi,
1312 4625 1403 4675 extra
1418 4609 1587 4676 claustrum
1602 4615 1718 4676 nemini
1734 4619 1973 4683 accommodan-

491 4736 511 4766 “
525 4725 575 4789 de.
622 4723 705 4788 Cum
720 4721 833 4808 quibus
847 4719 1046 4784 eontinentur
1060 4741 1168 4784 omnes
1185 4719 1431 4784 Constitutiones
1447 4719 1547 4798 Nove,
1571 4723 1633 4788 ιιιιΐι
1648 4746 1718 4788 cum
1737 4726 1975 4794 Constitutioni-

492 4849 512 4880 “
527 4839 585 4902 bus
601 4835 668 4901 Diii
685 4833 844 4899 Octoboni
860 4831 976 4921 Anglie
992 4831 1114 4920 Legati,
1138 4855 1209 4898 cum
1225 4832 1330 4896 multis
1345 4833 1425 4898 aliis.
1470 4834 1659 4921 Quicunque
1681 4838 1869 4918 alienaverit,
1888 4844 1976 4908 Ana·
2081 4887 2088 4895 -

493 4949 628 5014 “thema
642 4947 691 5012 sit.
737 4946 873 5011 Aunu.”

536 5085 684 5174 Sequitur
700 5082 861 5147 Iudiculus
876 5093 1083 5147 tractatuum:
1106 5082 1158 5146 cui
1173 5081 1379 5167 subjiciuntur
1394 5081 1515 5146 Versus
1531 5091 1551 5144 4
1567 5085 1763 5150 memoriales
1778 5087 1819 5153 de
1837 5089 1981 5179 Regibus

493 5197 680 5286 anglorum,
696 5207 788 5260 oetate
805 5193 910 5258 Henri
927 5195 976 5264 7¹2¹
993 5194 1109 5279 scripti.

622 5341 643 5374 ‘⁶
661 5331 753 5396 Will.
768 5351 839 5394 eon.
856 5329 949 5394 Will.
966 5329 1025 5394 ruf.
1043 5329 1129 5394 Iden.
1146 5329 1204 5414 pri.
1223 5327 1331 5414 Steph.
1349 5327 1455 5393 Henri
1470 5353 1531 5416 que
1546 5332 1712 5410 secundus,

624 5452 645 5484 ‘⁴
663 5443 731 5508 Ric.
746 5441 842 5518 John,
860 5439 1031 5518 Henricus,
1048 5455 1109 5505 tres
1127 5439 1272 5506 Edward.
1291 5441 1351 5504 Ric
1366 5463 1427 5527 que
1442 5441 1608 5520 secundus,

623 5563 645 5596 “
662 5553 822 5620 Henricus
837 5567 978 5640 quartus,
992 5576 1050 5618 uec
1065 5575 1130 5616 non
1144 5555 1281 5640 quimus,
1298 5553 1353 5617 sed
1368 5566 1400 5616 et
1414 5565 1532 5630 sextus,

623 5675 644 5707 “
661 5665 721 5730 Ed.
737 5679 837 5752 quart.
853 5679 884 5729 et
899 5666 997 5752 quint.
1016 5666 1120 5730 Ricar.
1135 5667 1254 5742 tertius,
1273 5664 1411 5751 Henque
1427 5687 1482 5728 sex
1497 5669 1608 5730 unus.’'

538 5805 578 5868 ln
592 5803 666 5867 solio
681 5805 775 5868 totius
790 5803 861 5867 libri
876 5805 980 5888 primo
1001 5799 1220 5866 describuntur
1242 5799 1436 5888 singularum
1453 5799 1720 5866 Constitutionum
1737 5805 1933 5894 Argumenta
1946 5823 1977 5876 et

498 5913 647 5990 Exordia,
664 5937 684 5977 e
697 5915 796 5999 primi
814 5919 863 6000 (ut
876 5913 1012 5994 videtur)
1028 5933 1132 5974 manu.
1675 5917 1685 5930 ''

539 6027 578 6092 ln
592 6025 673 6090 foliis
687 6026 805 6113 aliquot
819 6025 1018 6112 sequentibus
1034 6025 1213 6088 inseruntur
1227 6023 1267 6086 ab
1282 6021 1342 6087 alit
1358 6041 1462 6100 manu,
1487 6023 1556 6097 (sed
1570 6023 1711 6112 antiqui)
1735 6027 1979 6098 Observationes

497 6139 615 6226 aliquot
628 6162 646 6204 e
661 6137 682 6202 J
684 6159 738 6202 ure
755 6137 926 6215 Canonico,
943 6137 1031 6202 nullo
1046 6135 1156 6200 ordine
1171 6134 1336 6218 decerptae.
