4592 7850
516 899 589 968 282
1033 917 1189 968 comer-:s
1215 911 1469 966 uranoscmrrr

291 1117 333 1193 C.
347 1113 420 1190 ΙΙΙ.
435 1112 470 1187 6.
620 1115 794 1184 stitutioues
811 1113 985 1202 Innocentij
1003 1113 1100 1200 Papae
1115 1117 1170 1180 4²¹.
1198 1112 1314 1198 Incipit
1323 1111 1377 1174 ubi
1392 1109 1483 1174 litera
1497 1104 1667 1172 numeralis
1684 1109 1769 1193 (quae
1780 1108 1909 1172 summis
1924 1107 2007 1172 foliis

318 1213 408 1254 ‘⁰⁸¹⁰'
625 1227 804 1292 inscribitur
818 1227 850 1290 in
866 1225 1099 1308 Decretalibus)
1114 1225 1229 1291 deficit.

522 1373 552 1428 2.
578 1363 740 1429 Duarum
757 1365 977 1448 (Wrncsmrr)
994 1365 1248 1430 Rursummum
1262 1361 1374 1438 Joars,
1390 1379 1503 1424 essars
1519 1367 1549 1424 5.

583 1477 710 1540 Titulus
724 1489 772 1540 est
786 1501 804 1540 a
818 1475 920 1562 primi
935 1497 1041 1541 manu.

584 1585 769 1651 Inscribitur
786 1585 919 1652 Matheo
935 1587 1049 1652 Sancte
1064 1584 1169 1650 Maris
1183 1585 1215 1648 in
1232 1583 1359 1649 Portico
1375 1583 1520 1646 Diacono
1537 1579 1708 1644 Cardinali.

584 1697 776 1762 Prooemium
792 1698 836 1762 sic
850 1699 977 1783 incipit:
1003 1707 1024 1740 ‘⁶
1037 1697 1248 1783 Protoplausti
1263 1695 1410 1782 rubigine
1425 1693 1563 1756 humana
1576 1691 1788 1756 contaminata
1801 1691 2003 1756 conditio”-

585 1808 675 1872 Libri
693 1809 739 1872 1¹⁰¹
761 1809 865 1894 Caput
882 1817 958 1874 lm
972 1811 1034 1874 sic:
1060 1809 1181 1885 “Quid
1196 1811 1235 1872 sit
1252 1807 1362 1872 Fides:
1386 1817 1463 1892 quot
1477 1803 1579 1868 modis
1593 1803 1715 1868 dicatur
1726 1805 1754 1866 :”

587 1919 708 1984 Floruit
728 1921 902 2000 Durantus,
927 1921 991 1986 sive
1013 1919 1197 1998 Durandus,
1225 1924 1372 2004 (utroque
1394 1915 1476 1980 enim
1501 1913 1595 1977 modo
1617 1915 1757 1994 vocatur)
1783 1913 1866 1977 circa
1887 1935 2005 1978 suumn

633 2039 725 2096 1280.

588 2141 729 2226 Scriptus
744 2154 791 2207 est
805 2141 855 2206 hic
873 2141 984 2206 Codex
999 2142 1087 2206 lineis
1102 2139 1270 2205 dimidiatis
1279 2165 1289 2215 ;
1305 2139 1401 2202 literis
1416 2136 1636 2212 mediocribus,
1653 2135 1844 2212 acuminatis,
1855 2135 1928 2200 setis
1945 2135 2009 2201 ele-

630 2253 795 2340 gentibus3
811 2253 894 2318 circa
908 2275 1026 2318 atinum
1041 2259 1089 2338 (ut
1104 2251 1238 2332 videtur)
1258 2261 1350 2316 1800.

589 2364 670 2428 Vide
685 2385 789 2448 supra,
807 2364 954 2428 Pluteum
970 2386 1009 2428 11.
1027 2363 1107 2428 Cod.
1127 2371 1176 2428 13.
1192 2374 1281 2426 tract
1297 2370 1324 2424 1.

446 2707 481 2784 7.
508 2697 689 2772 Lucrum
708 2721 824 2772 surra
841 2698 1025 2774 Dacnera
1042 2723 1124 2774 cum
1142 2721 1364 2780 ou1aosoau
1384 2695 1569 2770 Noruars.

577 2845 703 2911 Titulus
730 2847 781 2910 bic
795 2859 842 2910 ost
861 2871 880 2910 a
902 2869 997 2910 manu
1012 2847 1167 2923 secundi:
1191 2871 1210 2910 a
1223 2845 1324 2932 primii
1340 2845 1453 2908 nullus.
1510 2845 1614 2927 Supra
1635 2841 1781 2906 scribitur
1804 2842 1916 2908 Petrus
1933 2844 2013 2909 Soli·

534 2980 603 3036 nus,
620 2961 708 3044 cujus
722 2957 841 3022 nullum
856 2981 875 3021 a
892 2957 1141 3022 Bibliothecariis
1157 2957 1361 3042 scriptoribus
1375 2957 1565 3020 mentionem
1580 2953 1693 3018 factam
1709 2953 1810 3018 video.

579 3070 631 3136 Sic
646 3069 774 3154 incipit:
798 3069 883 3132 “De
898 3081 990 3132 trono
1014 3069 1077 3132 Dei
1099 3069 1276 3154 procedunt
1296 3067 1428 3156 fulgora,
1451 3088 1554 3144 voces,
1577 3087 1614 3130 ao
1631 3065 1812 3130 tonitrua-
1855 3065 1907 3130 De
1922 3078 2016 3130 trono

538 3189 559 3220 “
573 3179 646 3256 Dei,
673 3179 727 3266 qui
749 3191 797 3242 est
820 3178 969 3256 Ecclesia,
995 3179 1171 3263 procedunt
1195 3179 1333 3266 Fulgore
1357 3177 1588 3253 miraculorum,
1617 3175 1720 3240 Voces
1742 3175 1959 3240 mandatorum
1981 3193 2013 3242 et

539 3299 559 3330 “
574 3290 842 3365 ammonitionum,
867 3289 1024 3352 Tonitrua
1046 3290 1387 3354 comminationum”-
1442 3287 1494 3352 Ab
1516 3287 1625 3352 eidem
1648 3287 1800 3352 sententis
1824 3289 1946 3355 Biblicrl
1970 3292 2018 3354 in-

538 3401 669 3464 choatur
685 3399 831 3464 Durandi
848 3401 1016 3484 Speculum
1032 3400 1196 3478 iudiciale,
1215 3402 1253 3465 C.
1270 3423 1309 3464 11.
1327 3399 1407 3465 Cod.
1427 3408 1476 3463 11.

583 3513 635 3578 Sic
649 3512 781 3576 desinit:
807 3512 947 3598 “Hujus
963 3513 1109 3576 laboriosi
1124 3514 1238 3598 operis,
1261 3525 1293 3577 et
1307 3512 1430 3598 operosi
1446 3511 1560 3574 laboris
1582 3531 1714 3596 querens
1729 3510 1879 3597 requiem,
1902 3525 1934 3577 et
1948 3515 2017 3602 glo·

541 3632 562 3666 “
577 3623 655 3688 riam
670 3623 899 3708 sempiternum.
946 3626 1082 3688 Amsu.”

586 3735 673 3800 Petri
695 3735 856 3820 cujusdam
880 3743 900 3776 “
914 3735 1083 3798 Salinensis
1100 3734 1236 3800 Lectum
1251 3757 1345 3820 super
1361 3735 1517 3799 Decreta”
1537 3735 1673 3798 occurrit
1687 3757 1783 3819 supra
1798 3736 1828 3798 in
1847 3735 1957 3801 Pluteo
1980 3761 2020 3804 11.

543 3845 623 3910 cod.
640 3855 669 3912 6.

584 3979 725 4062 Scriptus
740 3991 787 4042 est
801 3977 853 4042 bic
876 3977 988 4042 Codex
1010 3979 1099 4043 lineis
1120 3977 1243 4054 divisis:
1270 3979 1366 4044 literis
1381 3979 1565 4057 minoribus,
1589 3979 1791 4056 acuminatis:
1816 3997 1888 4048 aute
1902 4007 2017 4050 annum

543 4095 592 4172 (ut
606 4089 742 4171 videtur)
762 4099 854 4154 1300.

458 4381 493 4447 8.
520 4373 683 4446 Docron
707 4395 825 4446 suren
850 4373 1044 4448 Decurre.

587 4523 713 4589 Titulus
728 4523 780 4588 hic
795 4537 875 4588 esta
889 4545 984 4590 manu
1000 4524 1181 4590 recentiore.

587 4637 641 4702 Sic
656 4637 782 4722 incipit:
808 4645 829 4679 “
841 4636 1047 4702 Tractaturus
1064 4637 1235 4702 Gratimus
1250 4635 1290 4702 de
1304 4635 1382 4702 Jure
1397 4635 1560 4701 Canonioo
1580 4657 1599 4699 a
1624 4635 1765 4700 Naturali
1780 4635 1857 4705 Jure
1879 4660 1944 4704 non
1959 4641 2024 4708 dis-

545 4757 568 4790 “
581 4747 708 4813 cordat:
733 4749 841 4834 incipit
855 4749 938 4813 enirn
953 4763 985 4814 et
998 4749 1199 4838 progreditur
1213 4773 1232 4812 a
1246 4749 1438 4834 simplicibus
1453 4749 1493 4812 ed
1510 4748 1720 4836 Composita.”

588 4857 669 4936 Quis
685 4861 806 4924 Auctor
821 4860 913 4946 hujus
930 4861 1054 4926 Glossae
1068 4859 1161 4924 fuerit
1175 4883 1239 4924 non
1254 4861 1388 4925 invenio.

588 4973 729 5058 Scriptus
744 4986 791 5038 est
805 4973 857 5038 hic
873 4973 985 5038 Codex
1000 4973 1089 5038 lineis
1104 4973 1210 5038 divisis
1219 4997 1228 5050 3
1244 4973 1341 5039 literis
1356 4973 1493 5054 minutis,
1509 4975 1703 5056 acuminatis,
1719 4975 1930 5064 elegantibus;
1953 4989 2024 5043 ante

546 5105 645 5149 annos
660 5095 734 5163 400,
750 5098 804 5150 aut
818 5083 962 5170 ampliirs.

459 5401 494 5475 9.
521 5393 751 5472 quocaumr
769 5395 869 5470 Pars
886 5397 928 5471 4⁰
953 5397 1182 5472 Metaurus
1200 5421 1317 5472 suren
1335 5397 1644 5486 Dacarranraus,
1664 5421 1788 5473 mes
1804 5407 1840 5473 5.

590 5547 642 5610 Sic
657 5547 784 5632 incipit:
809 5548 975 5636 “Legitur
990 5549 1022 5612 iu
1039 5548 1213 5627 Ezechiele,
1237 5548 1357 5614 Venter
1371 5561 1445 5614 tuus
1467 5548 1611 5614 comedet
1621 5583 1707 5600 --
1724 5549 1786 5614 Per
1800 5561 1940 5614 ventrem
1954 5548 2024 5634 quis

548 5664 668 5722 “escas
683 5658 803 5744 recipit,
829 5659 924 5724 Mens
939 5659 1132 5748 intelligitur,
1149 5683 1210 5746 que
1225 5682 1331 5724 rerum
1346 5683 1383 5724 ac
1399 5661 1633 5744 Scripturarum
1647 5659 1773 5724 notitias
1788 5659 1963 5744 recipit'’-

589 5766 716 5834 Titulus
731 5783 777 5834 est
792 5791 810 5832 a
825 5770 925 5854 primi
942 5792 1056 5836 manu:
1080 5781 1112 5834 at
1128 5769 1222 5836 Notre
1237 5769 1382 5858 quaedam
1404 5770 1598 5858 marginibus
1613 5769 1780 5856 adscripto:
1801 5770 1842 5834 ab
1856 5768 1917 5836 alit
1931 5789 2029 5834 manu

550 5888 630 5940 sunt.
