4630 7860
504 1054 530 1124 8
979 1051 982 1058 ’
1010 1071 1167 1126 contens
1184 1071 1444 1126 annosorum
1502 1141 1514 1164 ‚

267 1273 316 1350 Α,
348 1273 380 1350 Ι.
426 1285 483 1356 14,
508 1271 634 1338 videtur
647 1271 862 1358 superioribus
876 1271 1016 1360 aequalis,
1039 1271 1096 1338 sed
1110 1291 1176 1338 non
1197 1273 1377 1360 scriptionis
1398 1271 1563 1362 elegantia
1610 1272 1650 1338 In
1664 1272 1776 1338 initiat
1799 1272 1936 1340 “Liber
1951 1275 2008 1342 sti

278 1371 370 1414 ΝΜ
513 1392 536 1428 “
552 1383 723 1452 Cuthberti'
736 1387 911 1474 assignatus
928 1384 988 1450 coi
1002 1385 1204 1451 armariolo.’'

428 1655 486 1724 15.
516 1647 635 1726 Hono
661 1673 710 1723 mc
728 1647 884 1724 annn
902 1647 1141 1726 Cunnmnms
1157 1647 1354 1726 Osrrunsrs
1380 1649 1642 1724 Posrnnsron
1667 1671 1787 1724 snrnn
1812 1673 1852 1724 ιν
1876 1649 2001 1727 Evan-

1136 1801 1263 1852 onan.

552 1923 681 1990 'litulus
696 1935 744 1989 est
758 1945 777 1988 a
791 1943 888 1988 manu
903 1925 977 1990 satis
991 1923 1130 2014 antiqui.

552 2036 605 2102 Sic
619 2037 749 2122 incipit:
773 2043 794 2078 “
806 2035 955 2114 Quatnor
976 2049 1049 2102 sunt
1070 2037 1201 2102 minima
1223 2049 1316 2116 terre,
1339 2047 1371 2101 et
1386 2036 1454 2121 ipsa
1475 2049 1550 2100 sunt
1571 2037 1762 2122 sapientiora
1783 2037 2003 2126 sapientibusr

509 2156 531 2192 ⁸⁴
545 2147 674 2214 formiae
689 2150 747 2214 &a
772 2148 868 2215 Pron.
884 2152 957 2216 30.”

551 2259 711 2326 Volumen
726 2282 866 2326 crassum
882 2273 947 2339 est;
965 2261 1129 2352 Scriptura
1144 2259 1358 2347 superioribus
1369 2259 1545 2337 estsimilis,
1562 2271 1594 2324 et
1605 2259 1746 2348 ejusdem
1760 2261 1884 2328 videtur
1892 2265 2006 2330 eutis

551 2375 591 2440 ln
607 2377 715 2441 initio:
739 2375 802 2442 “E
816 2379 976 2442 communi
991 2377 1118 2443 librarii
1136 2375 1372 2442 Monachorum
1388 2375 1561 2440 Dunelm.”

552 2487 591 2551 In
606 2487 670 2552 fine
685 2487 830 2576 adjicitur
844 2487 971 2554 Tabula
987 2487 1233 2578 Evangeliorurn
1249 2485 1507 2552 Dominicnlium.

424 2769 481 2848 16.
509 2769 696 2850 Emsronn
716 2774 848 2864 Pron,
877 2776 922 2852 ab
940 2776 1010 2852 alit
1027 2801 1165 2852 manu:
1194 2776 1313 2852 Huuo
1341 2799 1392 2848 nn
1418 2775 1572 2848 Vrsnna
1601 2775 1838 2850 Cannrnanrs
1866 2775 2006 2852 Hosrr·

906 2923 1019 2986 unam,
1039 2923 1080 2972 m
1099 2897 1310 2972 Er1sronss
1328 2895 1532 2970 Pnumnss

550 3042 602 3108 Sic
619 3043 748 3129 incipit:
773 3043 974 3130 “Benjanrin
996 3045 1090 3132 lupus
1113 3067 1212 3132 rapax
1234 3067 1328 3110 mane
1350 3043 1495 3109 comedet
1516 3043 1658 3130 predam,
1682 3055 1714 3110 et
1735 3065 1865 3132 vespere
1886 3045 2006 3114 dividet

506 3161 528 3196 ‘⁶
600 3153 672 3218 lia.'’

542 3177 733 3354 ffmfigitur
748 3265 874 3332 Tabula
890 3266 1105 3354 Epistularum
1120 3267 1380 3334 Dominiculium.

551 3377 703 3464 Ejusdem
718 3377 842 3444 videtur
856 3401 929 3444 cum
944 3379 1158 3466 superioribus
1170 3379 1336 3466 scripturae
1350 3391 1383 3444 et
1396 3377 1516 3444 oeuus:
1534 3377 1716 3467 Prrefigitur
1730 3379 1815 3444 enim
1830 3379 1899 3446 haec
1911 3393 2005 3448 nota:

504 3489 635 3557 “Liber
648 3491 701 3557 8δί
714 3490 845 3558 Cuthliti
856 3491 993 3559 exdono
1006 3493 1142 3558 Bert'mi
1153 3493 1194 3558 de
1208 3491 1405 3558 Middelton·
1424 3491 1544 3558 Prioris
1554 3489 1664 3557 Dun.'’
1696 3489 1843 3580 AEqualis
1853 3507 1900 3558 est
1910 3495 2008 3582 igitur
2132 3495 2140 3512 ’

502 3603 564 3690 ipsi
578 3603 699 3669 auctori
721 3609 763 3689 (v.
780 3626 875 3690 supra
891 3605 973 3671 cod.
993 3608 1057 3688 12.)
1104 3605 1274 3672 Probabile
1288 3605 1373 3670 enim
1395 3617 1443 3670 est
1457 3603 1555 3670 libros
1578 3605 1787 3670 celebriorum
1802 3607 2003 3692 scriptorum,

503 3716 537 3780 in
556 3715 728 3804 majoribus
751 3715 861 3782 saltem
884 3713 1089 3782 Monasteriis
1113 3717 1182 3804 (ubi
1204 3719 1311 3805 plures
1335 3731 1426 3782 erunt
1449 3716 1582 3800 Scribae)
1605 3717 1710 3782 statim
1734 3721 1912 3806 (postquam
1928 3719 2004 3784 editi

506 3829 592 3910 sunt)
615 3827 771 3914 expetitos
792 3841 824 3892 et
845 3827 1019 3916 descriptos
1041 3829 1146 3894 fnisse.
1197 3827 1273 3894 Hoc
1296 3829 1329 3894 in
1351 3829 1459 3894 multis
1481 3827 1576 3916 hujus
1599 3825 1807 3894 Bibliothecae
1831 3829 2004 3896 Codicibus

504 3937 678 4008 observavi.

418 4211 477 4292 17.
502 4202 620 4278 Psrru
638 4203 858 4278 Bsnonorus
877 4201 1161 4276 Rnrnnronmn
1179 4226 1347 4292 morans,
1374 4203 1427 4276 θ’·
1443 4205 1612 4276 maximis
1629 4203 1889 4278 voluminibus.

417 4309 477 4378 18⁰
547 4351 639 4418 Libri
655 4352 765 4416 titulus
788 4355 874 4436 (cum
889 4350 999 4416 lolium
1015 4375 1113 4418 unum
1128 4364 1183 4417 aut
1197 4352 1331 4418 alterum
1346 4353 1379 4416 in
1395 4352 1484 4416 initio
1499 4351 1667 4416 voluminis
1685 4351 1732 4414 1¹³¹
1753 4365 1785 4416 et
1800 4351 1842 4416 ‘2¹¹¹
1855 4353 1950 4438 desit)
1962 4376 2004 4420 ex

418 4411 465 4485 19

466 4459 476 4478 '
501 4464 577 4530 notai
593 4464 625 4527 in
640 4464 704 4530 line
721 4463 757 4530 8¹¹
773 4465 942 4529 voluminis
957 4463 977 4529 ὰ
991 4487 1086 4530 manu
1101 4465 1204 4552 primi
1228 4465 1370 4554 appositi
1394 4465 1563 4531 discendus
1578 4478 1636 4530 est.
1681 4465 1731 4528 Ibi
1746 4465 1830 4528 enim
1846 4463 1908 4529 hoc
1922 4465 2004 4550 legi·

502 4585 574 4639 tur:
592 4575 767 4661 “Explicit
784 4575 1010 4662 Reportoriuur
1025 4573 1145 4641 morale
1160 4598 1233 4642 cnm
1248 4577 1313 4640 suis
1328 4573 1549 4642 additamentis
1563 4588 1595 4642 et
1609 4575 1834 4662 supplementis
1849 4575 1926 4642 locis
1938 4577 2005 4642 suis

500 4694 523 4728 “
537 4697 573 4750 ut
587 4685 679 4750 decet
692 4685 844 4752 ordinatis
860 4687 976 4754 sactum
992 4701 1023 4752 et
1038 4689 1241 4774 compilatum
1257 4713 1276 4754 a
1290 4687 1341 4754 sie
1354 4687 1451 4754 Petro
1464 4687 1629 4776 Berchorij
1646 4687 1757 4753 Priore
1768 4687 1817 4754 Sti
1828 4687 1901 4774 Eli}
1912 4687 2005 4754 Pari·

503 4805 525 4839 “
539 4796 632 4862 sioni.
649 4795 836 4886 Monostcrij
854 4801 902 4866 Sii
921 4797 1029 4866 Mauri
1042 4801 1070 4866 F
1069 4803 1223 4866 assarens'
1234 4799 1399 4868 Monacho
1413 4799 1533 4866 ordinis
1547 4799 1710 4866 Benedicti
1725 4799 1766 4864 de
1777 4799 1917 4866 Pictavie
1927 4823 2003 4888 par·

495 4915 522 4950 ¹⁴
536 4909 619 4974 tibus
634 4911 780 4976 oriundo.
826 4911 926 4977 Orate
940 4935 1000 4998 pro
1014 4915 1084 4978 eo.”

550 5019 694 5107 Scriptus
715 5035 763 5088 est
784 5021 836 5090 hic
861 5023 973 5089 Codex
995 5047 1015 5090 a
1035 5023 1179 5110 pluribus
1201 5025 1329 5112 quidem
1353 5029 1402 5112 (ut
1416 5025 1553 5107 ridetur)
1575 5022 1696 5103 scribis,
1720 5023 1774 5090 sed
1791 5023 1831 5090 ab
1854 5023 2005 5088 omnibus

505 5133 747 5222 elegantissimi.
791 5135 1004 5223 Alphabetico
1027 5136 1138 5202 ordine
1160 5160 1253 5203 voces
1274 5138 1500 5224 disponunturr
1525 5135 1727 5227 Singulorum
1751 5135 1909 5224 alphabeti
1932 5137 2006 5202 lite·

503 5266 612 5310 rarum
628 5243 772 5312 Exordia
793 5247 887 5312 variis
909 5247 1068 5313 coloribus
1089 5259 1121 5312 et
1135 5270 1216 5314 auro
1231 5263 1445 5314 exornantur:
1470 5247 1588 5314 Primoe
1602 5249 1678 5313 item
1693 5249 1793 5314 literae
1807 5268 1921 5314 vocum
1936 5250 2004 5314 sin·

504 5337 649 5444 giriacum
665 5359 698 5422 in
714 5359 794 5424 serie
809 5358 1005 5444 alphabetici
1020 5359 1114 5446 pictae
1128 5373 1213 5425 sunt.

544 5467 598 5532 De
612 5479 706 5534 oetate
718 5469 791 5534 libri
801 5471 938 5557 judicari
952 5483 1056 5558 potest
1070 5493 1111 5536 ex
1125 5471 1176 5537 bis
1190 5473 1332 5538 versibus
1347 5473 1380 5538 in
1395 5473 1459 5538 line
1473 5472 1640 5538 voluminis
1654 5473 1748 5560 primi
1763 5474 1892 5561 positis:

544 5585 568 5620 ‘⁶
580 5578 679 5642 Anno
693 5579 834 5660 milleno,
850 5594 897 5648 ter
913 5597 1050 5663 centum,
1067 5595 1116 5650 ter
1131 5607 1257 5672 quoque
1271 5585 1367 5650 detto.
1566 5593 1650 5651 1330

546 5697 570 5731 ‘⁶
584 5689 629 5754 Et
643 5703 691 5756 ter
706 5691 832 5772 sedena,
850 5715 922 5760 cum
938 5697 1051 5784 quinq3
1067 5695 1127 5761 fuit
1141 5695 1300 5762 duodeno.
1607 5705 1649 5764 65

546 5809 569 5842 “
584 5801 700 5870 Codex
713 5805 888 5891 completus
902 5805 955 5871 bic
969 5829 989 5871 a
1003 5807 1044 5872 de
1060 5808 1163 5874 Fonte
1176 5808 1324 5874 Jobannc
1564 5793 1651 5874 Tse}

543 5922 566 5958 ‘⁶
578 5915 743 5982 Possideat
757 5917 839 5984 letus
852 5931 1047 6006 quopropter
1065 5921 1163 5986 Sacra
1177 5919 1335 5985 Dianne.”
1566 5904 1647 5914 ’-

502 6029 523 6094 i.
539 6051 567 6094 e.
591 6033 640 6114 (ut
663 6051 724 6117 ego
745 6029 948 6116 interpretor)
972 6027 1146 6096 “Joannes'
1166 6029 1207 6094 de
1232 6029 1333 6096 Fonte
1356 6031 1505 6120 (Anglicd
1530 6029 1697 6108 Fountain‚
1721 6027 1781 6109 rel,
1806 6027 1911 6114 well)
1939 6029 2000 6098 de·

500 6140 661 6229 “scripsit
684 6140 777 6231 hujus
799 6141 979 6232 Repertorij
1001 6143 1148 6211 volumen
1169 6143 1318 6229 primum,
1342 6144 1440 6212 Anno
1455 6143 1588 6210 Domini
1613 6144 1736 6210 1895?
1759 6141 1826 6209 scil.
1840 6143 1933 6212 mnis
1954 6153 1999 6212 88
