4640 7842
797 1065 984 1122 commta
1008 1067 1285 1124 »nnuma
1557 1041 1561 1050 '
1709 1054 1780 1138 105

68 1269 542 1358 B.IV.18‚S‹aiptroaper
561 1277 663 1336 turm
683 1266 799 1336 librom
819 1289 886 1334 non
906 1281 955 1336 est
974 1267 1102 1336 eadam:
1127 1265 1536 1353 Sedcrrmapcimlmnnu
1556 1267 1779 1343 sint.Ganones

2 1361 3 1412 ³
74 1367 208 1420 auum
308 1379 442 1466 eonem
459 1378 624 1446 emensa
639 1377 680 1444 a
690 1377 735 1446 n.
753 1387 835 1446 nas
850 1379 979 1459 mun,
1001 1386 1107 1462 [sat
1122 1385 1171 1462 a]
1194 1379 1307 1448 mua
1317 1377 1373 1452 nc
1386 1377 1448 1452 iao
1467 1397 1552 1454 anno
1572 1381 1727 1459 maiar
1741 1383 1782 1448 n

2 1491 3 1494 ’
307 1505 441 1581 oportet.
487 1492 993 1571 Sednonmultumutridetur:
1018 1493 1652 1574 emomminttememesanninas,
1674 1501 1782 1576 [tract.

309 1611 357 1688 9.]
371 1604 468 1670 literis
482 1604 655 1670 minoribus
669 1605 787 1691 scripti,
808 1605 851 1670 ab
862 1606 924 1672 alid
939 1629 1034 1672 manu
1056 1617 1166 1692 postea
1183 1606 1297 1692 adjeci
1310 1607 1464 1676 videntur·
1511 1607 1713 1680 Rooenb'ores
1727 1607 1783 1674 ad·

309 1715 371 1782 huc
386 1725 459 1782 sunt
474 1715 648 1790 Alexandri
664 1714 707 1781 8ω
723 1715 883 1801 Epistulae,
899 1715 964 1781 sive
980 1715 1091 1796 Bullae,
1113 1717 1186 1782 circ.
1201 1737 1319 1782 annum
1338 1724 1421 1782 1200
1436 1721 1484 1802 (ut
1498 1716 1634 1800 ridetur)
1647 1717 1783 1802 scriptae.

227 2058 286 2136 19.
313 2051 521 2126 Mecinus
538 2059 576 2125 et
592 2049 664 2151 alij.
714 2049 929 2152 [Tractatio
945 2051 1005 2148 4.]

296 2235 339 2326 ’1.
370 2227 604 2294 Vannnanrus
630 2227 790 2294 Ansnaur
820 2226 1020 2293 Mammam
1047 2247 1091 2291 nr
1118 2245 1413 2295 consrnnaarrona
1437 2223 1670 2296 Mrsnnrnnon
1696 2223 1783 2290 Vrm

410 2357 602 2404 rnnsnnrrs.

369 2451 422 2518 Sic
436 2451 563 2538 incipit:
588 2459 609 2494 “
626 2449 712 2519 Inter
726 2450 785 2518 hec
798 2462 902 2518 autem
917 2452 1056 2517 miserias
1073 2451 1146 2516 Vite
1159 2452 1312 2538 presentis
1325 2449 1550 2542 perpende”-

369 2560 538 2626 Meditatio
550 2560 610 2626 hec
624 2579 772 2647 excerpta
792 2562 915 2627 videtur
937 2583 977 2627 ex
998 2563 1109 2648 majori
1130 2562 1236 2649 aliquo
1250 2584 1365 2649 opere:
1391 2584 1456 2628 non
1470 2563 1596 2627 invenio
1617 2559 1699 2627 inter
1718 2563 1787 2628 An·

412 2672 501 2736 selmi
515 2673 649 2758 scripta:
664 2693 794 2758 prorsus
808 2671 869 2736 alia
883 2685 931 2736 cst
944 2673 984 2737 ab
999 2675 1065 2758 cjus
1080 2671 1161 2736 libro
1175 2671 1215 2735 dc
1231 2669 1362 2737 Misern
1377 2674 1501 2759 generis
1515 2673 1655 2737 humani.

370 2781 481 2849 Habet
494 2784 559 2849 duo
572 2796 693 2849 tantum
708 2782 791 2848 folia.

370 2893 489 2959 Literae
509 2907 583 2959 sunt
603 2907 713 2973 acuto,
741 2896 806 2960 sive
829 2894 1021 2966 Secreturiae.
1065 2893 1200 2961 Videtur
1222 2895 1361 2981 mandem
1383 2895 1483 2962 oetatis
1505 2917 1577 2962 cum
1600 2894 1732 2965 Tabulis
1754 2895 1788 2964 in

411 3003 514 3067 varios
528 3003 705 3089 csriptores,
722 3025 794 3090 quae
808 3025 892 3068 armo
910 3012 991 3070 1438
1008 3004 1133 3088 scriptae
1147 3017 1229 3073 sunt.
1274 3006 1356 3070 Vide
1373 3005 1412 3070 B.
1428 3028 1480 3070 111.
1498 3014 1549 3071 29.

370 3112 551 3204 Prefigitur
565 3114 598 3178 in
613 3135 713 3180 vacuo
726 3113 801 3180 folio
821 3115 1010 3202 (obeddom,
1027 3129 1062 3180 ut
1076 3115 1208 3196 videtur,
1224 3119 1333 3203 manu)
1358 3116 1558 3181 Examinatio
1575 3117 1789 3186 Grammatico

410 3225 518 3314 lingui
535 3225 687 3314 Anglicb3
714 3249 786 3316 quae
809 3227 975 3314 Spectmen
1000 3228 1161 3299 Sermonis
1182 3229 1292 3308 nostri,
1315 3228 1415 3318 qualis
1430 3227 1488 3293 fuit
1510 3243 1581 3294 ante
1598 3251 1697 3295 annos
1713 3241 1787 3310 800,

410 3337 549 3404 exhibet.
594 3337 648 3406 Sic
661 3338 788 3424 incipit:
1724 3341 1727 3350 ’

411 3457 434 3492 “
452 3447 536 3514 How
550 3471 645 3538 many
659 3471 729 3514 case
743 3448 800 3514 has
815 3447 909 3538 yorr?
921 3449 1031 3532 [thou]
1076 3450 1150 3518 sea

412 3566 435 3601 ‘⁶
451 3558 566 3624 Whilk
580 3581 616 3625 er
629 3581 690 3646 yay
705 3557 842 3647 [they].'’

313 3727 343 3786 2.
365 3717 567 3787 Mnmrarro
582 3718 817 3784 Vannnaanrs
841 3719 1011 3797 Anemuri,
1035 3739 1129 3785 unna
1144 3741 1243 3784 vrrar
1258 3721 1390 3797 Arrius,
1415 3740 1458 3784 ar
1480 3739 1574 3784 onon
1597 3741 1695 3786 rrvar
1709 3743 1789 3788 con·

412 3851 491 3895 ros:
515 3849 558 3893 ar
584 3849 628 3894 na
654 3828 859 3894 ancrrnrn
874 3849 967 3897 nona
991 3831 1114 3894 Arrun
1135 3849 1179 3897 cr
1195 3831 1348 3906 Sancum
1372 3851 1414 3894 rr
1430 3837 1666 3896 innumeri-arn
1687 3853 1779 3899 nanc

412 3942 545 4017 Amne,
562 3959 643 4004 rosr
657 3959 920 4004 sarannrronrar
934 3960 1091 4007 asosnan
1105 3962 1128 4008 a
1143 3961 1309 4008 corrosa.

370 4055 424 4120 Sic
437 4052 565 4138 incipit:
590 4051 709 4116 “Dum
722 4052 839 4116 Anima
851 4063 958 4116 manet
971 4051 1003 4114 in
1017 4051 1169 4136 Corpore,
1186 4053 1267 4116 rivet
1280 4051 1391 4124 Homo
1405 4049 1573 4126 secundam
1591 4052 1792 4120 Carnem'’-

370 4163 505 4230 Videtur
519 4162 667 4247 decerpta
688 4184 728 4226 ex
748 4160 810 4226 alio
824 4160 924 4239 libro;
950 4161 1062 4226 eodem
1079 4159 1209 4232 fortasse
1231 4183 1272 4226 cx
1294 4183 1358 4248 quo
1380 4149 1550 4231 Medtm'io
1564 4166 1717 4252 superior,
1740 4169 1792 4233 cui

413 4274 454 4339 ab
468 4272 578 4338 eadem
592 4274 702 4355 manu)
716 4272 862 4358 adjuncta
876 4283 932 4337 est.

374 4384 482 4452 Unum
496 4396 618 4449 tantum
632 4383 741 4468 implet
754 4380 873 4446 folium.

315 4556 344 4614 8.
367 4544 634 4612 Mamm-rottae
648 4561 791 4627 Quanam
807 4562 828 4606 a
842 4561 988 4625 ouonan
1005 4541 1143 4608 Faarnn
1160 4539 1309 4606 Mmona
1324 4561 1438 4607 narra.
1609 4541 1702 4610 'Folio
1717 4555 1747 4614 5.

372 4659 425 4725 Sic
438 4656 610 4743 incipiunt:
636 4663 657 4697 “
673 4637 858 4743 Transfige}
873 4653 1051 4718 dulcissime
1073 4653 1212 4718 Domine
1226 4651 1314 4732 Jesu,
1336 4651 1490 4718 medullas
1511 4655 1615 4720 anime
1635 4679 1706 4724 mee
1720 4681 1791 4725 sua·

414 4779 437 4814 ‘⁴
449 4771 577 4836 vissimo
591 4791 628 4835 ac
642 4767 848 4834 saluberrimo
861 4765 991 4832 where
1005 4765 1121 4830 amoris
1136 4765 1245 4830 tui”·-

371 4881 498 4950 Nomen
514 4880 683 4968 Scriptoris
697 4900 762 4943 non
776 4877 955 4964 apponitur.

374 4995 515 5082 Scriptus
536 5005 584 5060 est
603 4992 656 5057 hic
681 4988 794 5056 Codex
815 5011 880 5053 non
901 4981 1112 5077 ineleganter:
1136 4985 1226 5053 lineis
1248 4987 1424 5064 continuis:
1449 4987 1546 5052 literis
1568 4989 1789 5071 mediocribus,

299 5092 301 5100 Α
413 5105 617 5181 acuminatis:
639 5113 713 5168 ante
727 5121 826 5166 annos
841 5099 964 5164 circiter
985 5107 1060 5165 400.
1106 5097 1223 5164 Similis
1238 5109 1285 5164 est
1298 5096 1383 5164 enim
1406 5097 1579 5182 Scriptura:
1600 5121 1710 5164 eorum
1726 5101 1792 5166 Co-

414 5217 520 5282 dicum
535 5215 589 5303 qui
603 5237 623 5279 a
639 5213 781 5278 Roberto
794 5211 836 5278 dc
851 5209 1044 5298 Graystanes
1064 5209 1225 5296 procurati
1239 5221 1322 5290 sunt,
1345 5219 1418 5274 ante
1432 5231 1551 5274 annum
1569 5217 1662 5277 1833.
1708 5212 1791 5280 Vide

417 5325 457 5393 B.
474 5348 512 5392 11.
529 5323 611 5392 Cod.
630 5333 679 5391 19.
694 5326 725 5391 lt
739 5331 792 5391 20.

314 5499 347 5555 4.
370 5483 484 5553 Lmen
499 5483 756 5550 Exarrraonmr.
1327 5541 1330 5548 ⁴
1406 5543 1410 5552 ,
1477 5479 1533 5550 fol.
1549 5489 1601 5550 21.
1617 5483 1659 5560 ad
1677 5491 1748 5560 lot.

323 5609 327 5616 “
372 5598 426 5665 Sic
446 5596 572 5682 incipit:
604 5604 626 5638 ‘⁴
640 5595 801 5660 Johannee
830 5592 1065 5660 chrisostomus
1093 5613 1189 5680 super
1214 5588 1382 5664 Manem
1411 5591 1452 5660 dc
1479 5591 1580 5669 §tolli
1611 5593 1730 5672 Christi
1757 5593 1791 5662 in

415 5717 438 5752 ‘⁸
454 5708 585 5776 Oriente
599 5707 663 5774 vist
679 5706 836 5772 refert’-
1408 5775 1412 5784 ,

371 5819 498 5888 Titulm
513 5819 619 5885 nullus
632 5817 826 5907 praefigitur:
850 5815 914 5884 Sed
926 5815 1081 5883 Historioe
1094 5815 1257 5905 exquibus
1263 5825 1351 5888 ,totus
1365 5815 1447 5889 liber
1460 5816 1623 5898 confletur,
1636 5816 1793 5908 Exempla

413 5930 573 6018 pleroeque
587 5941 748 5994 vocantur.

373 6042 454 6110 Sunt
479 6041 683 6109 Narrationes
709 6038 855 6129 quaedam
878 6038 1043 6130 religiosa,
1073 6039 1250 6118 mirabiles:
1276 6039 1491 6140 0110110110ευίΙ
1504 6039 1570 6141 logi
1593 6061 1691 6139 super
1713 6042 1790 6110 alias
