4592 7850
792 1033 977 1088 acetrum
1002 1028 1278 1086 nubamus.

69 1237 111 1314 C.
131 1237 185 1313 ΙΙ.
202 1243 237 1310 5.
348 1232 449 1300 Libro
462 1229 687 1320 proefigrmtur:

79 1335 172 1378 ΜΟ·
393 1354 421 1410 1.
446 1343 649 1432 Singulorum
663 1343 800 1432 cupitum
814 1355 1006 1436 argumenta

389 1464 420 1520 2.
442 1454 561 1519 Versus
575 1455 770 1520 memoriales
785 1455 999 1522 Decretalium
1013 1453 1118 1519 titulos
1133 1451 1315 1531 indicantes,
1331 1450 1445 1540 pagina
1460 1451 1532 1518 unii.

390 1577 419 1633 8.
444 1565 585 1651 Epistole
598 1565 661 1632 due
684 1565 856 1654 Innocentij
874 1567 960 1652 Pape
975 1565 1053 1648 [4²³]
1075 1565 1116 1628 ad
1131 1564 1297 1631 Decanum
1311 1576 1343 1628 et
1358 1563 1540 1649 Capitulum
1556 1563 1762 1628 Wellensem.

430 1676 471 1741 ad
485 1675 667 1763 sopiendam
682 1679 923 1744 controversiam
937 1678 1086 1742 intereos
1104 1688 1136 1740 et
1151 1675 1294 1740 Priorem
1308 1687 1340 1740 et
1356 1673 1532 1739 Monacbos
1549 1674 1763 1739 Batbonenses

432 1801 548 1852 motem
571 1788 611 1852 de
635 1789 780 1877 eligendo
805 1790 972 1876 Episcopo.
1029 1788 1147 1852 Earum
1169 1787 1257 1872 prior
1270 1787 1344 1850 data
1364 1799 1411 1851 est
1435 1795 1474 1852 10
1500 1784 1634 1852 Kalend.
1662 1786 1764 1872 April.

431 1898 645 1978 Pontificatris,
667 1923 750 1965 anno
768 1910 802 1965 1:
827 1901 986 1966 Posterior
1006 1899 1127 1977 ordine,
1150 1911 1291 1985 tempora
1312 1919 1386 1962 vero
1406 1897 1503 1984 prior,
1520 1907 1550 1964 8.
1566 1896 1651 1962 Non.
1668 1897 1761 1962 Febr.

432 2011 542 2076 eodem
561 2032 655 2076 anno.
699 2012 918 2078 innocentium
939 2033 1014 2077 vero
1029 2011 1095 2076 Ψ
1109 2010 1161 2076 bic
1176 2010 1333 2098 designari
1354 2009 1428 2073 inde
1448 2009 1547 2095 liquet
1567 2007 1653 2095 qudd
1668 2009 1760 2072 Joce·

434 2123 499 2187 llno
515 2122 673 2210 Episcopo
689 2123 845 2188 Wellensi
856 2125 923 2211 (qui
939 2124 1025 2190 A.D.
1044 2133 1126 2190 1242
1142 2123 1231 2205 obiit)
1249 2121 1393 2210 Rogerus
1408 2121 1555 2186 successit
1568 2140 1652 2184 enno
1669 2127 1763 2198 1244,

434 2234 545 2300 eodem
567 2257 630 2324 quo
652 2233 720 2300 haec
737 2234 879 2322 Epistola
899 2237 1015 2322 scripta
1036 2249 1102 2302 est:
1127 2235 1253 2300 Electus
1268 2235 1352 2298 enim
1375 2233 1463 2322 Papa
1484 2231 1542 2300 fuit
1564 2231 1765 2298 Innocentius

435 2349 491 2413 4²¹¹·
505 2355 552 2413 8'0
567 2346 702 2412 Kalend.
717 2347 781 2414 Jut
798 2349 884 2415 A.D.
903 2358 985 2416 1243
1008 2347 1172 2436 [Onupbr.
1186 2348 1333 2428 Pamin]

399 2461 471 2527 Has
487 2461 644 2547 Epistulas
658 2461 791 2526 ineditas
805 2485 873 2528 esse
885 2474 972 2548 puto.

397 2583 428 2639 t.
450 2573 647 2661 Argumenta
676 2573 851 2638 Causarum
876 2574 1069 2662 singularum
1092 2586 1124 2638 et
1150 2571 1369 2650 Quaestionum
1392 2571 1428 2634 in
1449 2569 1604 2647 Decretis,
1638 2567 1768 2656 singulis

439 2683 751 2768 versibusexpressa.
1613 2675 1618 2684 ¹

399 2794 439 2858 V.
457 2794 494 2860 C.
510 2816 533 2858 1.
550 2804 580 2859 8.
596 2795 745 2880 Append.
765 2804 792 2859 l.

356 2967 497 3052 Scriptus
519 2977 566 3032 est
585 2966 638 3031 bic
654 2967 765 3032 Codex
779 2967 927 3053 pulchrd3
949 2969 1040 3033 lineis
1054 2968 1158 3032 divisis
1167 2993 1176 3046 ;
1199 2967 1295 3032 literis
1309 2966 1512 3044 acuminatis3
1535 2966 1567 3032 in
1583 2965 1690 3036 Textu
1704 2987 1768 3034 me·

300 3079 467 3157 diocribus,
482 3078 516 3142 in
531 3077 646 3143 Glossd
660 3078 797 3156 minutis,
813 3089 885 3143 ante
899 3099 997 3143 annos
1013 3089 1088 3156 400,
1104 3079 1264 3144 autetiam
1279 3077 1393 3162 plures.

218 3387 254 3463 6.
283 3388 399 3462 Purus
418 3386 635 3460 Snuruausrs
653 3384 834 3462 Lacruna
851 3410 968 3462 sunan
986 3387 1181 3462 Dacunrn.

346 3534 398 3600 Sic
411 3533 539 3618 incipit:
557 3533 725 3600 “Nomine
742 3533 904 3600 Trinitatis
919 3535 951 3600 in
966 3533 1027 3600 boc
1041 3533 1190 3620 precipue
1204 3533 1287 3599 circa
1301 3533 1360 3598 tria
1373 3531 1586 3618 principaliter
1599 3531 1772 3598 laboro”-

305 3645 370 3712 Sed
383 3645 500 3731 aliquid
515 3646 548 3708 in
563 3645 651 3710 initio
665 3645 772 3710 deesse
786 3647 918 3711 videtur.

343 3757 383 3822 In
404 3757 486 3823 fine:
511 3757 683 3842 “Explicit
705 3757 841 3822 Lectura
862 3779 956 3843 super
976 3757 1092 3828 librum
1114 3757 1323 3824 Decretcrum
1344 3754 1428 3822 edita
1449 3777 1469 3819 a
1495 3755 1651 3844 Magistro
1675 3757 1770 3822 Petro

306 3868 489 3936 Salinensi.”

346 3978 433 4044 Petri
456 3978 625 4044 Salinensis
645 4000 761 4044 nomen
782 3980 863 4044 inter
890 3981 1001 4045 veteris
1027 3980 1113 4046 Juris
1144 3979 1296 4045 Canoniei
1326 3979 1515 4064 Interpretes
1543 3997 1608 4042 non
1636 3977 1770 4044 invenio.

302 4089 464 4158 Gestrerus
478 4095 524 4176 (et
537 4089 647 4156 iisdem
661 4090 764 4156 verbis
781 4091 981 4174 Posserinus)
1002 4093 1063 4169 sit;
1087 4091 1211 4158 “Petri
1234 4091 1344 4157 Soluni
1366 4090 1488 4155 Veteris
1509 4089 1595 4154 Juris
1619 4089 1771 4154 Canonici

303 4200 527 4268 “burcardus
540 4201 624 4266 edita
637 4201 730 4268 fuisse
747 4203 889 4268 Coloniae
906 4205 1018 4270 15643’
1063 4203 1127 4269 Sed
1141 4204 1194 4268 ille
1208 4225 1316 4268 recens
1330 4201 1424 4267 firisse
1438 4202 1561 4266 videtur
1577 4203 1726 4288 Scriptor.

264 4323 269 4334 '
350 4312 491 4398 Scriptus
517 4325 565 4378 est
584 4311 637 4376 hic
660 4311 771 4378 Codex
792 4335 857 4378 non
881 4312 1092 4391 male31ineis
1117 4314 1304 4391 dimidiatis,
1328 4313 1425 4378 literis
1449 4313 1674 4390 mediocribus;
1701 4324 1773 4378 ante

306 4443 404 4486 annos
418 4423 542 4488 circiter
557 4431 639 4488 400.

350 4533 389 4598 ln
403 4532 522 4600 boote:
547 4533 620 4600 “de
633 4534 682 4600 cdi
697 4534 825 4604 libreria
841 4534 995 4634 Moecha,
1010 4535 1180 4602 Dunclrii.”

220 4853 257 4932 7.
284 4841 480 4920 Osrmusrs
497 4841 676 4942 [Heurici
692 4843 739 4920 de
763 4845 914 4942 Segusio
930 4843 1153 4939 cardinalis]
1180 4843 1407 4922 derisurus
1432 4866 1549 4922 surae
1574 4841 1773 4918 Decerne

640 4991 738 5044 LIUM
756 4992 886 5044 LIBROS
903 4993 1055 5043 PRIMUM
1070 4993 1117 5043 ET
1136 4993 1351 5043 SECUNDUM·

350 5113 401 5178 lta
415 5125 543 5178 vocetur
557 5113 589 5178 in
604 5114 668 5179 fine
681 5115 754 5180 libri
767 5115 870 5202 primi.

349 5225 402 5290 Sic
416 5225 544 5309 incipit:
569 5226 653 5290 “Ad
668 5227 731 5291 Dei
745 5227 965 5312 omnipotentis
979 5227 1121 5316 gloriam,
1137 5241 1169 5293 et
1184 5226 1377 5295 Universalis
1394 5224 1533 5292 Ecclesie
1547 5221 1672 5288 decos.'’

349 5333 440 5400 Libri
455 5337 496 5400 2ᾱΙ
514 5337 623 5402 folium
637 5341 774 5424 primum
788 5341 885 5407 deest.

343 5443 487 5530 Scriptus
500 5459 548 5512 est
561 5448 614 5512 bio
629 5449 741 5515 Codex
754 5451 843 5516 lineis
865 5451 990 5529 divisis3
1012 5451 1109 5517 literis
1129 5453 1244 5538 parvis,
1267 5451 1469 5530 acuminatis3
1492 5459 1564 5515 ante
1585 5467 1686 5511 annos
1707 5465 1774 5509 arn-

308 5552 391 5640 pliirs
406 5563 479 5622 300.

351 5664 390 5729 In
405 5665 513 5733 initio:
537 5667 670 5735 “Liber
687 5671 792 5736 Sancti
809 5672 975 5738 Cuthberti
989 5670 1030 5736 de
1046 5669 1219 5736 Dunelrii.”
