4640 7842
519 1065 593 1144 968
1039 1081 1197 1136 consors
1222 1081 1476 1138 umoscnn’rr

298 1283 342 1361 C·
360 1283 413 1362 II.
430 1293 466 1362 9.
575 1283 689 1354 Geusae
703 1295 735 1350 et
749 1283 939 1350 Ooconimoe
954 1282 1006 1348 hic
1019 1283 1198 1348 indicuntur
1210 1303 1307 1372 quere
1324 1282 1569 1348 constitutiones
1584 1281 1717 1390 singule
1731 1283 1869 1350 condita
1883 1283 1998 1354 fuere,-

623 1397 870 1464 Constitutiones
884 1397 961 1481 ipsae
985 1395 1161 1483 Innocentij
1181 1395 1328 1484 leguntur
1351 1415 1455 1480 snpm,
1480 1394 1512 1456 in
1534 1391 1648 1458 Pluteo
1662 1415 1684 1457 1.
1709 1395 1790 1460 cod.
1807 1405 1837 1462 9.
1860 1409 1947 1462 tract.
1963 1407 1993 1464 2.

313 1381 403 1424 10160.

626 1508 673 1576 Ut
686 1521 791 1572 nutem
806 1507 838 1572 id
853 1507 954 1572 obiter
968 1529 1123 1586 moneam,
1148 1508 1249 1573 Casus
1262 1505 1295 1570 hi
1310 1519 1482 1592 sequuntur
1501 1504 1644 1570 ordinem
1659 1505 1786 1572 Codicis
1801 1509 1909 1586 nostri,
1932 1532 1997 1574 non

622 1635 695 1684 enm
710 1637 804 1707 quem
819 1617 966 1684 stbeus
989 1619 1022 1683 in
1044 1616 1258 1686 conciliorum
1280 1617 1416 1683 editione
1438 1617 1578 1682 servavit.
1637 1613 1755 1682 Utrum
1776 1617 1851 1682 editi
1870 1617 1994 1700 firerint,

624 1752 740 1798 nescio.

524 1905 553 1961 8.
577 1895 782 1960 Ascurum
798 1895 932 1974 [Prien]
947 1895 984 1958 4¹¹
1003 1893 1300 1960 Consrrnurronns
1316 1913 1415 1958 uovn.
1460 1892 1552 1958 Folio
1566 1893 1608 1958 5ω
1625 1891 1667 1956 ὼ
1680 1892 1770 1956 inim
1785 1893 1935 1962 Casuum.

583 2005 636 2070 Sic
651 2005 821 2091 incipiunt:
847 2013 868 2045 ‘⁶
878 2005 1000 2092 Legati,
1017 2005 1080 2068 sive
1097 2003 1217 2090 Nuntij,
1237 2025 1315 2090 quos
1330 2003 1513 2090 plerumque
1529 2002 1711 2087 Apostolicu
1728 2003 1824 2069 Sedes
1839 2007 1998 2072 notun-

581 2115 846 2184 Constitutionum
861 2114 983 2194 haruin,
999 2115 1073 2202 quic
1086 2115 1192 2180 titulos
1208 2137 1271 2178 non
1285 2114 1411 2194 hebent,
1428 2114 1557 2180 exordio
1572 2115 1633 2179 hnc
1648 2117 1836 2206 transcripsi.

582 2257 605 2294 “
623 2257 650 2315 1.
674 2249 1067 2340 6316661116ῑῇ-

584 2369 606 2404 ‘⁴
620 2369 651 2426 9.
675 2361 760 2438 Quin
776 2361 915 2426 Persone
929 2360 1137 2449 religiose’'-

585 2481 607 2515 “
622 2482 652 2538 8.
676 2471 762 2548 Quia
775 2472 933 2536 nonnullis
947 2471 1154 2558 personie'’-

586 2589 608 2626 ‘⁶
622 2591 653 2647 4.
677 2582 730 2647 Ad
744 2581 934 2647 audientiam
949 2581 1151 2646 nostram”-

587 2699 609 2735 ‘⁸
625 2702 655 2758 5.
678 2691 764 2770 Quin
778 2691 1042 2781 intelligimus''—

587 2813 608 2848 “
623 2813 653 2872 6.
676 2804 730 2870 Ad
746 2803 1027 2892 Archiepisoopum
1043 2805 1266 2872 senonensem.
1301 2805 1389 2870 Sicut
1403 2807 1643 2890 accepimus'-

586 2921 609 2960 ‘⁴
624 2921 653 2985 7.
676 2913 762 2992 Quia
776 2915 816 2980 de
832 2915 1177 2981 Conservatoribus”-

588 3033 610 3069 “
625 3035 656 3092 6.
679 3025 765 3102 Quin
779 3027 921 3092 nonnulli
936 3027 1086 3090 habentes
1100 3025 1271 3112 temporale
1285 3026 1523 3092 dominium'’—

586 3141 610 3180 ‘⁸
624 3145 653 3204 9.
678 3135 765 3214 Quis
781 3137 956 3202 Pontificnli
972 3136 1186 3224 (11ςηὶ16ῑέ-

567 3255 588 3290 “
605 3256 655 3314 10.
680 3247 763 3313 Cum
776 3269 833 3332 per
848 3247 932 3310 iliam
946 3247 1125 3334 generalem
1140 3247 1374 3312 clunsulum'’-

566 3365 588 3400 “
605 3363 655 3422 11.
678 3357 838 3434 Quoniam
852 3357 995 3422 nonnulli
1010 3357 1214 3422 Abbates”—

566 3475 588 3510 ‘⁶
605 3475 654 3532 19.
677 3467 750 3532 Vite
765 3467 915 3556 regularis
929 3467 1048 3532 ordinis
1062 3467 1315 3552 professores''-

567 3588 589 3623 “
607 3589 655 3646 13.
679 3579 765 3656 Quis
778 3579 852 3644 olim
868 3580 994 3666 plurimi
1009 3581 1041 3642 in
1058 3579 1357 3645 Cathodrnlium”-

568 3699 589 3733 ‘⁴
608 3701 656 3756 14.
680 3689 873 3756 Londinensi
890 3691 1057 3776 Episcopo.
1101 3689 1218 3755 Dilecti
1232 3689 1287 3776 filij
1303 3693 1584 3776 procuratorcs”-

567 3809 589 3844 ‘⁴
606 3809 655 3868 15.
680 3801 874 3866 Execrabilis
889 3800 1087 3887 quorundum
1101 3799 1293 3864 mbitio”—

568 3917 589 3952 ‘⁶
607 3917 656 3975 16.
679 3909 858 3974 Discrimen
873 3909 1012 3994 preteriti
1026 3909 1239 3994 temporis&
1379 3903 1387 3914 '

568 4028 589 4062 ‘⁶
607 4027 656 4090 17.
680 4020 771 4086 Licet
784 4019 825 4084 nd
839 4019 1080 4106 compesoendus
1094 4019 1194 4084 aliene
1208 4019 1316 4084 mortis
1330 4020 1624 4106 expectationes”—

569 4137 590 4172 “
608 4139 657 4196 18.
682 4131 766 4196 Cecu
780 4132 883 4196 cordis
899 4131 1117 4216 cupidites”—

569 4247 590 4280 ‘⁶
607 4247 657 4306 19.
682 4241 784 4326 Super
798 4243 1011 4326 receptionum
1026 4241 1286 4306 revocatione''-

569 4361 590 4394 “
605 4361 657 4418 90.
682 4355 765 4418 Cum
779 4355 820 4418 ed
838 4355 1013 4419 Romanam
1030 4353 1267 4418 Ecclesinm”-

567 4471 588 4504 “
604 4471 655 4528 91.
679 4463 765 4540 Quin
778 4486 837 4549 pro
852 4465 999 4550 qualitate
1013 4465 1229 4550 temporis”-·

568 4583 590 4619 “
603 4583 655 4640 99.
680 4573 820 4652 Quiane
835 4575 1178 4642 Conservawribus”-
1443 4577 1561 4644 Eodem
1577 4593 1623 4646 est
1638 4603 1709 4646 cunr
1727 4589 1791 4650 7¹³⁸.

570 4695 592 4730 ‘⁶
605 4695 658 4754 93.
682 4687 768 4766 Quin
782 4689 822 4753 sd
838 4703 977 4753 nostram
991 4689 1133 4775 pervenit
1146 4687 1353 4753 1101111666-

570 4807 593 4843 “
607 4807 659 4866 94.
684 4799 824 4864 Ecclesia
838 4821 899 4887 qne
913 4797 954 4864 ad
968 4801 1197 4866 remerendam
1212 4801 1460 4866 sententinm”-

570 4919 592 4954 “
607 4917 659 4978 95.
684 4909 736 4976 Ex
750 4923 839 4996 purte
853 4909 906 4976 tui
920 4910 979 4976 fuit
992 4913 1251 4998 propositum”-

571 5029 593 5064 ‘⁸
607 5029 660 5088 96.
684 5021 865 5108 Apostolice
882 5021 972 5088 Sedis
986 5023 1177 5088 oraculo”--

571 5139 593 5176 “
608 5139 660 5202 97.
683 5131 775 5198 Licet
791 5133 956 5221 Regularis
971 5135 1089 5201 ordinis
1106 5135 1365 5202 Professores”-

573 5251 595 5286 ‘⁶
609 5249 661 5310 96.
684 5241 735 5308 Ne
751 5243 873 5332 Legati,
889 5244 954 5311 sive
969 5245 1145 5333 Nuntij”-
1402 5245 1522 5315 Eadem
1537 5263 1584 5316 est
1597 5273 1670 5318 cum
1685 5253 1832 5339 prims-

593 5379 724 5446 Eodem
740 5380 985 5448 Constitutiones
1006 5406 1102 5469 supra
1115 5384 1271 5473 leguntur,
1295 5384 1335 5452 C.
1351 5407 1375 5450 r.
1390 5387 1471 5454 cod.
1494 5399 1524 5454 9.
1539 5399 1577 5453 tr.
1601 5399 1631 5456 9.
1647 5391 1703 5456 sed
1716 5415 1819 5481 neque
1832 5395 1942 5462 eodm
1957 5419 2010 5462 οι.

637 5491 721 5569 dine,
737 5514 839 5579 neque
853 5513 996 5558 numero.

595 5599 722 5667 Codicis
736 5603 903 5688 superioris
920 5603 1110 5670 Constitutio
1123 5605 1226 5692 prime
1240 5605 1271 5668 in
1286 5605 1348 5671 hoc
1362 5619 1409 5671 est
1424 5617 1479 5672 δ”.

595 5710 771 5796 Superioris
822 5711 868 5777 2⁶·
1150 5714 1320 5782 estinhoe
1509 5726 1574 5784 18'⁸
