4630 7860
809 958 996 1014 ECCLESIAE
1023 961 1300 1015 DUNELMENSIS.

1163 1161 1376 1214 EVANGELIJ
1456 1161 1633 1212 HOMILIAE

330 1226 485 1278 FESTUM·
624 1226 779 1282 INITIUM
797 1233 982 1283 HOMILIAE.
1202 1231 1348 1282 LECTIO.
1470 1231 1630 1280 AUCTOR.
1706 1244 1785 1279 rouo.

79 1349 218 1426 AJII,
231 1350 290 1426 29.
338 1343 420 1407 Nov.
437 1341 486 1406 ld.
504 1352 533 1408 3.
558 1341 597 1407 ln
618 1343 713 1410 Festo
738 1345 870 1412 Martini
895 1347 1101 1426 Confessoris,
1118 1348 1167 1412 vel

89 1448 215 1537 uiitiiri'u
597 1455 734 1520 alterius·
1435 1457 1623 1545 Fulgentius
1684 1465 1757 1522 313.
1772 1456 1804 1520 b.

602 1573 623 1606 “
636 1566 824 1634 Dominicus
839 1591 942 1634 sermo
963 1591 1058 1656 quem
1072 1569 1168 1634 debe·

643 1681 733 1742 mus''

318 1834 534 1902 Dec.Kel.10.
558 1809 598 1902 lu
615 1837 720 1902 Natali
738 1840 851 1904 Sancte
868 1839 985 1905 Cecilie
1000 1839 1151 1928 Virginis.
1168 1837 1250 1904 Mat.
1276 1847 1328 1906 35.
1347 1848 1374 1903 1.
1443 1837 1619 1927 Gregorius
1686 1849 1758 1906 316.
1774 1839 1805 1904 b.

603 1956 625 1990 “
638 1949 720 2034 Sepe
731 1973 786 2013 vos
795 1948 905 2014 fratres
913 1951 979 2014 tmi
990 1950 1166 2014 admoneo”

560 2081 600 2146 ln
614 2081 824 2148 Dedicutione
841 2083 982 2148 Ecclesie
1442 2085 1611 2172 Augusfin·
1686 2093 1759 2151 319,
1774 2085 1806 2148 b,

606 2202 627 2234 “
639 2193 897 2282 Quotiescunque
908 2195 1096 2260 fratresltmi
1113 2195 1170 2260 Al-

648 2317 731 2370 teres
745 2304 795 2369 vel
811 2305 872 2368 T.’'

565 2416 709 2481 Homilia
723 2418 793 2483 slis
1446 2417 1536 2482 Idem
1690 2425 1762 2484 ³20.

608 2559 630 2591 “
643 2551 742 2617 Recte
770 2551 864 2616 Festa
888 2549 1028 2616 Ecclesie
1052 2551 1170 2630 colunt,

654 2685 708 2750 qur
724 2665 775 2728 se'’

569 2797 714 2862 Humilia
728 2798 797 2862 ulia.
1168 2799 1260 2864 Joan.
1280 2808 1329 2864 10.
1346 2799 1398 2862 33.
1444 2797 1533 2862 Beda

612 2917 633 2949 ‘⁶
645 2907 834 2973 Audivimus
856 2929 896 2971 ex
918 2907 1051 2972 lectione
1068 2907 1172 2971 Evan-

652 3019 772 3108 gelicfi’'

571 3156 715 3222 Homilia
729 3157 799 3220 alia.
1048 3183 1052 3192 ¹
1176 3156 1255 3222 Luc.
1289 3167 1385 3223 19.1.
1454 3155 1544 3221 Idem

613 3267 721 3344 “Que
753 3268 959 3353 impossibilia
991 3279 1063 3332 sunt
1092 3268 1177 3352 apud

655 3379 798 3446 homines
815 3380 975 3466 possibilia
998 3391 1071 3443 sunt
1092 3381 1178 3466 apud

655 3491 794 3556 Deum.”

514 3663 543 3717 3.
567 3653 607 3718 In
622 3652 739 3741 vigilis
757 3651 796 3717 S⁸⁵
814 3652 943 3716 Andree
959 3651 1115 3736 Apostoli.
1177 3649 1269 3718 Joan.
1311 3661 1338 3716 1.
1356 3662 1406 3719 35.
1454 3651 1542 3717 Beda

617 3764 756 3829 “Tanta
781 3785 818 3827 uc
847 3763 917 3826 tulis
941 3775 989 3826 est
1019 3763 1181 3848 Scripture

661 3877 785 3940 divine''

522 4021 552 4076 2.
577 4011 613 4077 ln
632 4012 738 4076 Natali
755 4011 862 4077 Sancti
878 4012 1017 4077 Andre'e.
1180 4010 1262 4078 Met.
1286 4021 1385 4076 118.
1455 4009 1631 4098 Gregorius
1701 4019 1773 4075 331.

622 4123 794 4188 “Audistis
823 4123 933 4187 fratres
961 4124 1027 4186 ttmt
1057 4123 1114 4209 qui
1140 4123 1181 4186 od

663 4236 774 4298 unius''

579 4367 1074 4456 DeSioByninoOccidentulium
1082 4369 1182 4434 Saxo-

617 4505 695 4547 num
711 4483 874 4568 Apostolo.

577 4603 598 4636 “
611 4594 649 4658 In
672 4594 726 4657 illo
747 4606 899 4680 tempore,
922 4593 984 4658 hoc
1006 4607 1062 4672 est,
1085 4597 1182 4660 Anno

607 4705 1183 4772 Dominicaelncarnationisffid'

578 4841 721 4904 Honriliu
735 4842 767 4903 in
782 4843 848 4926 ejus
862 4841 954 4906 Festo
965 4843 1134 4908 recitanda.

621 4951 799 5016 “Gaudete
814 4952 847 5014 iu
862 4951 1004 5016 Domino
1022 4951 1186 5018 dilectissi-

663 5065 707 5127 mi
722 5063 780 5128 sr.’'

581 5197 725 5263 Homiliu
739 5197 809 5262 aliu.
1183 5196 1264 5264 Mac
1291 5204 1343 5265 29.
1363 5206 1416 5263 14.

624 5317 646 5350 ‘⁴
657 5307 696 5372 ln
706 5309 962 5374 similitudinibus
973 5333 1051 5396 ques
1062 5310 1103 5374 ad
1114 5331 1187 5374 nos-

668 5423 768 5484 tram''

342 5561 412 5627 Jen.
423 5558 495 5626 Kal.
509 5566 557 5624 12.
582 5555 622 5620 ln
638 5554 744 5618 Natali
761 5555 868 5620 Sancti
885 5553 1011 5619 Thome
1183 5555 1275 5621 Jonn.
1296 5565 1344 5621 15.
1364 5563 1413 5620 lu.
1459 5551 1635 5640 Gregorius
1704 5559 1776 5623 337.
1792 5554 1825 5618 b.

625 5667 741 5731 “Cum
756 5677 870 5730 cuncto
885 5665 982 5729 Socra
997 5664 1152 5752 Eloquin”

583 5801 728 5870 Homilia
741 5799 811 5864 aliu.
1189 5802 1300 5868 Lectio
1314 5800 1380 5869 ced.
1463 5801 1631 5890 Augustin'
1707 5809 1782 5866 340.

627 5913 738 5978 “Hoc
759 5923 807 5976 est
827 5923 1011 5998 precepttun
1034 5935 1139 5978 meum
1155 5925 1189 5978 ut

668 6023 823 6111 surgant»
