4650 7852
487 1106 561 1186 160
1005 1132 1164 1186 comens
1190 1131 1446 1186 usuuscnurr

270 1325 314 1400 Β.
329 1323 478 1414 III.14‚
502 1341 533 1398 6.
557 1329 767 1396 Corsosrour
785 1327 949 1396 Hourms
964 1351 1007 1395 oc
1025 1330 1194 1400 Murrum:
1211 1335 1415 1401 Casurum.
1783 1335 1855 1402 Fol.
1875 1347 1946 1406 136.
1961 1339 1995 1404 b.

295 1421 386 1465 '⁰⁵¹³
563 1441 616 1508 Sic
630 1440 758 1526 incipit:
783 1449 804 1482 ‘⁶
821 1429 926 1506 Multe
940 1453 1140 1529 tempestates
1154 1459 1186 1511 et
1200 1447 1386 1535 inquietudo
1401 1445 1510 1510 ceris.”

561 1551 695 1641 Legitur
709 1553 742 1615 in
756 1551 915 1618 volumine
930 1557 985 1632 5⁶⁰,
1001 1577 1033 1640 p.
1052 1565 1125 1636 188,
1143 1557 1300 1623 Editionis
1317 1558 1493 1624 Sevilinnae.

504 1703 535 1761 6.
557 1693 707 1760 Jonuurs
723 1693 933 1760 Cmeosrour
950 1692 1063 1758 Lmen
1079 1715 1123 1760 nn
1141 1695 1389 1762 Rcrsnsrronc
1404 1717 1509 1762 curer.
1785 1693 1861 1761 folio
1879 1703 1951 1762 141.

564 1806 617 1872 Sic
632 1805 759 1892 incipit:
785 1813 806 1847 ‘⁶
821 1803 903 1882 Quis
918 1805 1007 1871 debit
1020 1807 1116 1893 capiti
1130 1829 1202 1873 meo
1216 1831 1341 1896 equom,
1357 1823 1389 1874 et
1403 1809 1503 1876 oeulis
1517 1807 1595 1872 meis
1604 1807 1722 1872 ibntem
1737 1807 1947 1894 lacrymarum
1958 1809 1997 1876 ?’'

550 2027 680 2093 Horum
702 2037 890 2093 tractatuum
914 2027 1078 2114 Scriptura
1105 2029 1229 2094 diverse
1256 2043 1304 2095 est
1326 2053 1345 2094 o
1368 2030 1605 2118 superioribus:
1635 2029 1690 2096 sed
1711 2031 1850 2118 ejusdem
1872 2031 1998 2098 videtur

507 2139 617 2206 entis.

550 2250 662 2316 Lineoe
676 2251 808 2340 integrae
822 2263 913 2328 sunt:
937 2249 1055 2316 Literoe
1070 2251 1254 2332 mediocres,
1278 2253 1311 2318 in
1333 2255 1423 2320 initio
1437 2251 1593 2334 rotunde,
1616 2253 1731 2322 deinde
1745 2254 1909 2341 paululum
1924 2277 1999 2320 acu-

507 2363 644 2430 minntae.

550 2476 592 2542 In
606 2475 682 2542 lolio
695 2475 816 2562 primo:
842 2483 863 2517 ‘⁶
878 2497 896 2540 e
911 2475 961 2541 coi
974 2473 1102 2543 libraris
1118 2473 1274 2578 Mo‘chop
1288 2475 1462 2546 Drmelr‘dl'

424 2818 481 2888 15.
509 2811 697 2888 Iernonos.
749 2809 987 2887 Gnnoomus.

511 2967 539 3023 1.
563 2958 712 3024 Ysrnom
729 2978 773 3022 nn
788 2977 911 3022 cuurro
927 2977 1020 3022 nouo
1036 2975 1131 3020 meru
1148 2966 1178 3022 8.

566 3069 657 3136 Idem
671 3080 821 3136 tractatus
835 3067 951 3155 estqui
965 3067 998 3132 in
1013 3067 1167 3153 superiori
1182 3067 1351 3149 volumine,
1366 3080 1406 3134 tr.
1425 3077 1453 3135 1.

511 3212 542 3270 2.
565 3204 749 3274 Gscoomr
766 3206 858 3271 ΡΜ.
876 3204 1029 3270 Rousun
1046 3224 1157 3282 nmis
1180 3225 1225 3270 nn
1241 3205 1340 3272 Vrrrs
1357 3207 1581 3286 Subcrescit,
1605 3206 1846 3272 Drmoconun
1862 3227 1956 3273 mem
1973 3216 2003 3272 4.

1601 3317 1682 3382 soliis
1698 3327 1751 3396 ts,
1769 3327 1821 3397 66,
1838 3327 1891 3396 68,
1908 3329 1960 3384 86.

570 3426 719 3494 Praefntio
741 3427 786 3492 sic
806 3426 936 3512 incipit:
963 3434 986 3470 ‘⁶
1001 3426 1150 3504 Quddom
1171 3427 1224 3493 die
1245 3428 1349 3492 nimiis
1375 3428 1574 3516 quorundam
1600 3429 1796 3494 secularium
1819 3429 2005 3494 tumultibus

614 3547 637 3580 ⁶⁶
651 3538 883 3624 depressus*-

571 3649 714 3734 Scriptus
729 3661 776 3714 est
796 3647 849 3712 bic
872 3645 985 3712 Codex
1006 3646 1097 3712 lineis
1111 3647 1234 3725 divisis:
1261 3649 1359 3714 literis
1381 3650 1478 3736 poulo
1499 3651 1681 3738 majoribus,
1704 3651 1901 3728 acuminatis,
1924 3649 2006 3715 bene

613 3758 773 3837 formetis:
789 3775 862 3824 unte
876 3780 976 3824 annos
990 3759 1114 3824 circiter
1128 3758 1385 3848 quadringentos.
1493 3787 1498 3795 ·

557 3867 598 3935 Iu
612 3867 688 3936 folio
701 3871 825 3957 primo:
849 3877 872 3914 ‘⁶
885 3891 904 3935 e
918 3869 967 3934 cdi
981 3869 1109 3937 librarii
1125 3867 1280 3970 Mo⁶chop
1295 3869 1468 3938 Dunelr‘dss'

431 4206 489 4284 16.
516 4205 670 4284 unm
689 4203 922 4281 Moourrrmr
948 4203 1154 4282 Exrosrrro
1178 4229 1220 4280 m
1238 4203 1445 4282 Msrnnuu
1471 4229 1595 4282 creme
1612 4214 1647 4296 8,
1675 4231 1727 4282 no
1746 4207 2002 4282 Hsrsrucruu

578 4329 937 4407 Aucnmrrscornu.

575 4476 725 4544 Proentio
747 4477 791 4542 sic
812 4475 939 4562 incipit:
964 4483 986 4518 ‘⁶
997 4472 1135 4540 Memor.
1161 4476 1268 4562 inque
1291 4474 1374 4540 illius
1391 4473 1538 4560 Precepti
1560 4474 1645 4562 quod
1667 4495 1726 4560 per
1748 4497 1801 4539 vos
1825 4475 1883 4539 sibi
1898 4487 2008 4560 aptum

604 4597 628 4632 ‘⁶
641 4589 718 4654 olim
734 4587 894 4674 Sapientis
907 4585 1039 4673 protulit
1053 4585 1225 4652 dicens”-

577 4699 617 4764 ln
631 4699 695 4764 fine
709 4699 916 4786 subjiciuntur
930 4697 1003 4762 duae
1019 4695 1173 4762 Homilite
1186 4697 1316 4764 breves:

522 4822 550 4878 1.
574 4811 613 4876 ln
628 4810 707 4878 illud
721 4810 860 4875 dictum:
885 4809 983 4888 “Qui
997 4809 1114 4874 dixerit
1127 4808 1226 4888 fratri,
1243 4829 1312 4887 suo,
1328 4807 1475 4873 lirtue”-

520 4929 551 4988 2.
574 4920 615 4986 In
629 4920 727 4986 illud:
750 4919 1243 4986 “Petiteetdabiturvobis”-
1830 4957 1833 4964 ·

579 5034 722 5120 Scriptus
736 5044 784 5098 est
797 5031 850 5097 hic
866 5031 980 5098 Codex
1000 5031 1090 5096 lineis
1105 5031 1230 5107 divisim
1256 5030 1354 5096 literis
1376 5029 1598 5108 mediocribus,
1621 5027 1774 5107 rotundis,
1798 5027 2012 5118 elegentibus:

622 5158 695 5211 ente
709 5167 809 5210 muns
823 5153 906 5212 600:
930 5142 1065 5210 Videtur
1080 5145 1164 5210 enim
1178 5143 1273 5208 firisse
1288 5167 1306 5208 e
1320 5143 1409 5208 libris
1425 5141 1583 5208 willelmi
1602 5141 1652 5207 1¹¹¹
1668 5141 1829 5228 Episcopi.

581 5257 621 5324 In
635 5257 710 5323 folio
724 5257 845 5344 primo:
870 5255 1000 5322 “Liber
1016 5255 1070 5321 sn
1086 5253 1217 5320 Cutbbti
1232 5253 1273 5320 de
1288 5253 1444 5319 Dunlm.”
1459 5277 1479 5318 a
1492 5251 1594 5339 primi
1610 5257 1660 5338 (ut
1669 5251 1807 5335 videtur)
1822 5273 1927 5316 monn.

443 5575 499 5656 17.
526 5566 748 5643 Ausucum.
801 5566 990 5642 Aunmus.
1043 5565 1318 5642 Hrcnonruns.

529 5724 557 5780 1.
581 5716 769 5782 Auscnuus
785 5736 824 5781 m
838 5715 1018 5782 Josnuru.

586 5826 639 5891 Sic
652 5827 782 5912 incipit:
807 5835 829 5868 ‘⁶
838 5827 877 5892 In
891 5826 1048 5913 principio
1062 5837 1130 5890 erat
1146 5823 1475 5890 Verbum-Verbum
1490 5821 1693 5889 substantiale
1715 5819 1909 5908 intelligitur,
1932 5819 2018 5907 quod

628 5937 746 6022 inipso
760 5937 889 6003 homine
903 5939 1073 6004 mcnet'-

586 6046 715 6114 Nomen
729 6048 873 6112 Anselmi
887 6048 920 6112 in
934 6047 999 6114 fine
1013 6047 1086 6113 libri
1101 6069 1120 6112 n
1133 6045 1236 6132 primi
1251 6067 1348 6112 msnu
1362 6043 1560 6111 adscribitur.
1607 6045 1766 6110 Caeterum
1781 6041 1832 6107 hic
1850 6041 2022 6107 Commen-

629 6157 728 6226 tarius
741 6157 823 6222 inter
838 6158 1173 6246 Anselmioperenon
1188 6157 1312 6244 legitur.
1518 6145 1522 6152 ’
2083 6147 2087 6153 ’
