4640 7842
549 1017 623 1086 242
1046 1036 1219 1089 acourcus
1244 1037 1499 1090 usnuscnnur

313 1227 357 1302 Β.
373 1226 443 1303 IV.
459 1240 520 1325 37.
607 1235 660 1302 Sic
675 1233 800 1320 incipit:
826 1241 847 1276 “
861 1233 955 1300 Pater
971 1233 1028 1299 iste
1042 1234 1174 1302 familiis
1189 1236 1285 1300 homo
1299 1237 1414 1302 dicitur
1428 1233 1639 1312 similitudine,
1656 1255 1721 1298 non
1736 1235 1932 1300 veritate'’-

322 1324 443 1374 mm
604 1347 644 1414 ln
659 1347 723 1412 fine
737 1347 886 1412 trectntbs
901 1345 970 1412 haec
993 1346 1079 1413 Note
1092 1335 1246 1435 adjicitur,
1271 1355 1348 1434 (non
1363 1361 1468 1413 tamen
1482 1370 1503 1412 a
1515 1369 1611 1412 manu
1625 1347 1726 1433 primi
1737 1348 1760 1429 ;)
1783 1369 1877 1434 quam
1893 1349 1943 1414 sel
1957 1349 2032 1416 ideo

646 1457 823 1524 exscribere
845 1457 945 1536 libuit,
969 1459 1043 1546 quia
1063 1459 1295 1547 praecipuorum
1316 1461 1436 1548 aliquot
1456 1481 1496 1525 eo
1516 1473 1658 1545 tempore
1681 1458 1915 1526 Monacborum
1935 1461 2028 1548 hujus

648 1568 793 1656 Coenobij
815 1569 944 1634 nomina
957 1569 1094 1636 exhibet
1151 1573 1281 1637 “Anno
1295 1595 1315 1636 s
1328 1571 1487 1636 nativitate
1509 1571 1578 1636 Diri
1600 1591 1780 1636 uocum.
1803 1572 1962 1638 Presbiter
1976 1595 2029 1638 or·

649 1681 811 1746 “dinatus
832 1703 852 1746 a
874 1681 1055 1748 Venerabili
1071 1681 1141 1770 Epo
1156 1681 1234 1748 Dr'io
1251 1683 1356 1750 Robto
1370 1682 1411 1750 de
1428 1681 1548 1760 Stichil,
1571 1681 1770 1768 permittente
1785 1681 1937 1770 Dompno
1954 1684 2029 1749 Hu-

648 1801 670 1836 “
684 1815 767 1884 gone
789 1793 845 1874 [de
865 1793 1073 1883 Darlington]
1104 1807 1179 1860 tunc
1208 1796 1318 1862 Priore
1346 1795 1498 1874 Dunelr‘n,
1524 1795 1593 1859 Ric.
1617 1795 1657 1858 de
1681 1794 1818 1860 Claxton
1841 1797 2027 1882 Suppriore,

648 1915 670 1950 “
684 1906 795 1988 [Prior
809 1906 867 1972 fuit
882 1929 967 1972 aruro
985 1914 1084 1989 turs]
1109 1909 1237 1996 Rogero
1252 1909 1292 1974 de
1308 1907 1440 1994 Medlay
1457 1907 1703 1972 Eleemosinsrio
1725 1917 1759 1970 et
1780 1916 1799 1970 3
1817 1905 1937 1985 Priore,
1962 1907 2028 1974 Ro-

648 2027 670 2062 ‘⁶
685 2019 775 2084 berto
789 2018 829 2084 de
845 2019 952 2085 Insubi
969 2020 1116 2098 Sacristb,
1139 2021 1304 2099 [successit
1321 2019 1462 2084 Roberto
1483 2018 1523 2084 de
1548 2017 1659 2083 Stichil
1681 2018 1713 2080 in
1737 2017 1928 2104 Episcopatu
1944 2043 2029 2084 anno

649 2137 788 2212 “1274]
811 2129 893 2196 Jolte
915 2129 956 2196 de
980 2129 1101 2218 Haxby
1123 2129 1284 2210 Bursario,
1309 2129 1381 2196 Nic.
1404 2131 1444 2195 de
1469 2129 1619 2194 Hexteld.
1638 2129 1835 2208 Hostillario‚
1863 2131 1966 2196 liicdo
1987 2133 2028 2197 de

649 2251 671 2284 “
687 2243 817 2308 Escrick
834 2243 1026 2321 Camerario,
1051 2243 1146 2308 Heni
1159 2243 1200 2308 de
1216 2229 1392 2310 HorncasP.
1409 2243 1577 2308 Terrario:
1601 2241 1745 2306 videlicet
1758 2241 1799 2306 ed
1816 2243 1979 2308 Sciticntes
1994 2245 2026 2308 in

647 2361 669 2396 ‘⁸
684 2353 954 2442 Quadragesima:
977 2377 1061 2419 anno
1077 2355 1298 2420 Conversionis
1314 2355 1454 2442 quarto.’'

603 2464 638 2530 Si
652 2463 721 2530 haec
735 2475 811 2528 nota
825 2465 866 2530 ab
882 2466 1023 2530 Auctore
1038 2477 1094 2544 est,
1111 2464 1263 2530 babemus
1277 2464 1329 2529 hic
1346 2465 1538 2552 Scriptorem
1555 2463 1753 2530 Monachum
1768 2465 2025 2545 Dunelmensem,

645 2587 679 2640 et
692 2585 817 2640 retatem
831 2575 893 2662 qud
908 2576 995 2641 vixit
1042 2575 1085 2642 Et
1099 2598 1173 2642 sane
1193 2577 1265 2641 libri
1290 2577 1444 2662 scriptura
1465 2576 1494 2640 ei
1516 2576 1600 2640 aetati
1614 2575 1753 2664 aqualis,
1777 2577 1826 2642 vel
1841 2578 1934 2642 etiam
1948 2580 2027 2644 snti-

645 2685 737 2772 quior
758 2685 891 2752 videtur.
941 2685 1052 2754 ltneoe
1074 2687 1205 2776 integrm
1229 2697 1321 2765 sunt3
1346 2686 1464 2752 Literoe
1487 2686 1634 2765 minores,
1661 2687 1816 2766 rotunda,
1843 2710 1907 2753 non
1930 2690 2025 2754 inele-

644 2809 765 2886 gantas.

545 2943 576 3001 2.
598 2933 782 3002 hams
798 2955 841 2999 uu
858 2933 1043 3002 Decnnrrs.
1825 2935 1915 3000 Folio
1931 2944 1983 3005 72.

602 3047 655 3114 Sic
670 3047 840 3132 incipiunt:
866 3047 986 3112 “Dicit
1002 3047 1152 3112 Rabanus
1169 3045 1400 3136 Mogontiensis
1416 3045 1681 3133 Arcbiepiscopus
1704 3047 1736 3110 in
1762 3047 1900 3136 Prologo
1914 3071 1973 3114 suo
1986 3049 2026 3112 ad

645 3166 668 3200 ss
684 3155 946 3222 ngstlflfilmtt..

599 3269 722 3332 Auctor
736 3265 777 3330 de
791 3267 933 3330 instituto
954 3289 1013 3330 suo
1035 3267 1080 3330 sic
1102 3267 1240 3354 loquitur
1261 3269 1295 3331 in
1319 3266 1526 3333 Praefatione:
1552 3276 1573 3311 “
1590 3267 1664 3334 Hec
1681 3267 1831 3334 Rabanus
1853 3280 1886 3334 et
1900 3267 2029 3336 Amnis-

645 3386 667 3418 “
681 3377 767 3454 rius;
782 3399 824 3441 ex
838 3398 974 3464 quorum
988 3377 1076 3441 libris
1091 3377 1217 3444 utiliora
1231 3400 1354 3466 queque
1368 3379 1446 3443 mihi
1461 3393 1492 3443 et
1506 3379 1614 3444 amicis
1628 3381 1705 3444 meis
1721 3381 1927 3465 excerpsi”-

601 3489 654 3556 Ab
669 3488 780 3554 eddam
794 3510 890 3554 manu
904 3489 1061 3576 descripta
1075 3503 1149 3556 sunt
1163 3491 1225 3579 qui
1239 3505 1389 3558 tractatus
1403 3493 1501 3578 prior.

458 3829 519 3899 88.
546 3821 776 3898 Tancrnrus
794 3845 983 3904 ousruoa.

547 4007 576 4064 1.
599 3995 802 4063 Tamarus
824 4015 868 4062 un
891 4015 1054 4080 curruca
1077 4013 1330 4061 rumurcnunrs:
1359 3995 1485 4074 scilicet,
1510 3993 1613 4074 Vitiis,
1641 3994 1829 4074 Virtutibus,
1856 3997 1973 4078 Poenis,
1994 4015 2028 4065 at

647 4109 803 4174 Proemiis.

600 4221 728 4287 Titulus
743 4219 795 4284 hic
817 4223 903 4304 (curn
918 4229 1067 4284 tractatus
1082 4218 1123 4282 sit
1144 4219 1176 4282 in
1198 4219 1287 4284 iniu'o
1310 4217 1519 4304 imperfectus,
1542 4220 1647 4284 necin
1663 4218 1727 4283 fine
1748 4241 1863 4284 nomen
1877 4222 2024 4306 ponatur)

645 4344 692 4396 est
713 4351 754 4394 ex
776 4329 965 4416 conjectori,
987 4329 1085 4416 elque
1107 4351 1173 4394 nou
1194 4329 1268 4394 satis
1290 4330 1394 4396 certa:
1421 4345 1484 4394 tam
1506 4330 1644 4416 implexa
1664 4331 1798 4396 enimet
1819 4331 1960 4396 intricata
1979 4343 2025 4396 est

643 4438 809 4523 scripturn,
824 4437 929 4502 utrix
941 4435 1038 4502 ullam
1053 4438 1207 4526 integram
1229 4439 1414 4504 sententiam
1435 4439 1598 4528 perlegere
1619 4441 1785 4525 potuerim.
1831 4441 1905 4506 Hoc
1920 4453 2025 4507 tamen

643 4549 753 4616 videor
760 4549 902 4615 ebcuisse
912 4569 953 4614 ex
963 4547 1039 4614 lolio
1053 4551 1096 4614 4⁸⁰
1113 4549 1145 4614 b.
1190 4557 1212 4590 “
1221 4549 1276 4616 Ad
1289 4551 1440 4637 majorem
1450 4549 1549 4632 dicim
1566 4551 1733 4638 sbseqficir'r
1748 4551 1784 4633 [f.
1795 4551 2027 4618 distinctionem

646 4671 668 4706 ‘⁶
683 4661 955 4749 subsequentium]
977 4659 1064 4726 etad
1078 4659 1247 4726 faciliorem
1263 4661 1473 4727 inventionem
1494 4684 1554 4749 pro
1568 4665 1630 4728 v0‘⁸
1648 4663 1839 4744 [voluntate]
1862 4663 2026 4749 inspicien-

647 4783 669 4818 “
683 4775 733 4854 tis,
758 4773 906 4860 Capitula
919 4773 1012 4861 hujus
1037 4774 1157 4840 Coilois
1180 4775 1404 4857 [collectionis]
1426 4799 1467 4842 ex
1488 4775 1579 4842 dictis
1600 4777 1764 4842 autenticis
1788 4779 1974 4842 Sanctmum
1996 4793 2027 4844 et

647 4893 670 4930 ‘⁸
686 4884 864 4952 Gentilium
876 4885 960 4983 pltop
975 4883 1277 4970 [Philosophorum]
1292 4885 1333 4950 de
1343 4899 1478 4973 quatuor
1491 4885 1706 4965 Predicandis
1722 4911 1746 4952 s.
1759 4887 1908 4967 [scilicet]
1919 4888 2025 4966 Viciis,

646 5005 669 5042 ⁸‘
684 4996 872 5074 Virtutibus,
889 4995 994 5074 Panis,
1017 5006 1049 5060 et
1064 4994 1196 5060 Premiis
1210 4999 1446 5081 prenotantur.”
1487 4997 1637 5074 -Quatuor
1654 4997 1859 5062 Praedicanda
1873 5011 1947 5062 sunt
1962 5001 2025 5062 Ar·

644 5119 796 5199 gumenta
809 5107 873 5187 illa,
896 5129 968 5194 quse
982 5128 1002 5171 a
1018 5105 1239 5172 Sacerdotibus
1255 5105 1425 5192 sepissime
1447 5107 1480 5172 in
1496 5107 1709 5174 Concionibus
1724 5109 1849 5173 uacari
1864 5123 1896 5173 et
1909 5109 2026 5194 praedi-

644 5221 710 5287 cari
724 5220 850 5286 debent.

604 5331 695 5398 Folia
707 5329 919 5418 prasoedentia
932 5328 1059 5394 alterius
1073 5329 1222 5396 macutus
1237 5329 1294 5410 [de
1310 5328 1412 5412 Gult]
1427 5351 1500 5415 pars
1515 5351 1583 5395 esse
1597 5331 1751 5398 videntur.

546 5477 577 5536 2.
600 5469 872 5552 Lnornoquruu:
896 5466 970 5545 sive,
986 5466 1027 5530 de
1042 5465 1182 5555 Legibus
1198 5465 1261 5532 Dei
1276 5477 1435 5532 namnum.
1860 5467 1913 5534 fol.
1930 5475 1980 5540 75.

605 5581 659 5648 Sic
673 5579 802 5666 incipit:
828 5585 849 5620 ‘⁶
862 5577 1004 5644 Scribm
1019 5577 1064 5642 eis
1078 5575 1265 5662 multiplices
1279 5577 1365 5665 leges
1380 5577 1529 5641 meas”-

563 5743 566 5750 .
605 5689 713 5777 Hujus
735 5711 860 5777 quoque
881 5687 1030 5754 assutus
1045 5687 1169 5752 titulum
1197 5691 1282 5772 (cum
1296 5707 1412 5752 nomen
1434 5687 1499 5773 ejus
1514 5709 1572 5751 nec
1593 5687 1627 5752 in
1646 5688 1745 5767 initio,
1768 5709 1826 5755 nec
1845 5689 1879 5754 in
1892 5688 1956 5754 fine
1970 5689 2026 5754 ad-

646 5801 814 5882 scribatur)
836 5799 989 5886 expiscari
1004 5819 1045 5864 ex
1066 5799 1135 5884 ipso
1149 5798 1231 5863 libro
1252 5819 1378 5864 necesse
1400 5809 1486 5862 erat:
1508 5820 1550 5862 ex
1564 5821 1603 5863 eo
1617 5799 1735 5864 scilicet
1749 5799 1831 5878 loco,
1853 5799 1908 5864 sol·
1924 5807 1975 5878 75,
1991 5799 2024 5865 b.

648 5919 670 5953 “
686 5911 884 6000 colligantur
898 5923 930 5976 et
951 5909 1127 5977 scribantur
1141 5911 1175 5974 in
1189 5910 1248 5976 hac
1263 5909 1497 5987 collaciunculi,
1521 5933 1582 6000 que
1595 5921 1700 5998 potest
1713 5909 1776 5976 dici
1790 5909 2023 6000 Legiloquium,

651 6029 672 6060 “
686 6023 883 6088 auctoritates
901 6022 1088 6088 Sanctorum
1102 6021 1143 6088 de
1157 6023 1305 6107 predictis
1319 6021 1505 6112 legibus’'—
