4634 7874
811 1097 1001 1156 secanam
1025 1099 1306 1158 nunmuasus.
1735 1086 1811 1172 878

42 1231 309 1380 ddphdnhhhssss.
426 1312 429 1318 '
454 1298 646 1371 Mandatum
671 1320 728 1368 scu
748 1300 881 1370 monitio
900 1301 1150 1389 Archiepisoopo
1169 1315 1203 1370 ct
1217 1303 1342 1372 But-ton
1362 1301 1405 1372 ad
1425 1301 1598 1372 ommitt-

94 1373 184 1415 ΗΜ
421 1433 424 1440 “
499 1413 608 1480 deudu
627 1435 811 1499 processum
825 1435 898 1519 curo
912 1415 1143 1484 oenifimtorio
1673 1415 1742 1486 Ful.
1760 1425 1812 1484 86.

369 1525 831 1614 Respons.personal.'1hom
848 1525 972 1594 Burton
988 1528 1114 1594 Libello
1127 1529 1344 1615 appellatorio.
1758 1539 1811 1600 88.

453 1640 486 1704 T
487 1639 669 1708 summissio
680 1659 885 1724 processuum
898 1661 957 1725 per
972 1640 1229 1730 Archiephcto.
1758 1654 1810 1710 88.

975 1763 1078 1838 etper
1093 1753 1172 1818 Dm
1188 1753 1322 1820 Buston.
1757 1765 1810 1823 11.

367 1867 616 1932 lustramentum
630 1885 686 1928 seu
700 1862 953 1929 eemifioatorium
966 1865 1130 1950 publicum
1144 1865 1185 1930 de
1199 1867 1349 1932 exercitio
1363 1865 1598 1934 durisdictionis

407 1999 465 2064 per
481 1975 636 2062 Magisim
661 1974 800 2040 Hudson
816 1976 849 2040 in
870 1976 1034 2042 vacatione
1054 1999 1105 2042 an.
1124 1985 1218 2047 1677.
1240 1977 1372 2044 exhibit.
1393 2001 1451 2064 per
1466 1977 1597 2045 theta

408 2113 449 2155 ex
462 2099 552 2175 parte
568 2085 818 2174 Archiepisoopi.
1759 2100 1811 2160 st.

365 2201 397 2267 A
413 2199 575 2266 Monition
590 2199 622 2262 in
646 2196 792 2286 English,
815 2208 885 2262 sent
898 2196 942 2285 by
961 2197 1014 2263 Dr
1028 2197 1113 2264 Tob.
1129 2197 1295 2280 Mattheus,
1310 2213 1344 2265 to
1360 2199 1414 2266 the
1429 2201 1549 2268 Rector
1562 2202 1601 2268 ol

410 2311 564 2397 Stnnhop‚
576 2323 633 2375 not
643 2323 677 2376 to
690 2309 913 2402 acknowledge
927 2310 982 2376 the
993 2310 1134 2376 Archbu
1145 2312 1355 2398 jurisdiction,
1370 2315 1538 2400 presented
1552 2316 1596 2404 by

409 2424 549 2503 Thelser,
565 2445 683 2512 among
696 2421 788 2488 other
802 2423 909 2512 things
923 2437 1072 2509 toproue
1086 2423 1264 2509 spoliation.
1759 2437 1811 2500 52,

365 2537 638 2605 Arbitramcntum
654 2534 812 2615 Laudum‚
828 2535 894 2600 sive
907 2535 1079 2601 amicabilis
1093 2537 1279 2622 compositio
1292 2537 1364 2604 fact.
1378 2559 1437 2623 per
1450 2540 1598 2606 conlitom

411 2647 669 2736 Huntingdoniae
683 2669 756 2712 cum
779 2647 930 2713 schedula
943 2649 1165 2733 acceptationis
1186 2649 1326 2735 ejusdem
1349 2673 1407 2736 per
1428 2650 1550 2716 Docan.
1565 2665 1598 2718 et

411 2761 515 2848 Capit
531 2759 684 2824 Dunelm.
705 2781 777 2824 cum
792 2760 854 2824 alia
868 2759 1018 2824 schedula
1031 2781 1156 2826 annexa
1176 2761 1338 2826 continent
1355 2761 1599 2830 declarationem

410 2871 533 2937 Decnn.
549 2884 581 2935 et
596 2870 702 2956 Capit.
718 2869 804 2957 quod
818 2892 882 2934 non
898 2871 1064 2936 intendant
1078 2885 1113 2934 ut
1127 2869 1270 2936 trahatur
1283 2872 1317 2936 iu
1332 2874 1512 2958 exemplum
1528 2877 1586 2941 &a

366 2983 527 3050 Institutio
538 2980 660 3068 ‚Vioarij
681 2981 723 3046 de
738 2979 961 3070 Heighington
976 2981 1113 3067 expedit.
1128 3003 1186 3067 per
1202 2981 1289 3048 Mna
1305 2983 1393 3049 svis
1406 2986 1521 3052 vinute
1534 2987 1599 3052 Ar-

409 3095 599 3160 bitramenti.

367 3207 539 3274 Processus
554 3227 650 3295 super
670 3204 901 3271 examinatione
923 3203 1048 3308 testium
1063 3227 1104 3268 ex
1122 3217 1211 3290 parte
1226 3205 1378 3292 Archiep.
1399 3229 1496 3294 super
1510 3210 1600 3276 Alle-

409 3321 537 3410 gatione
561 3343 620 3386 sua
641 3325 687 3405 (p.
703 3320 770 3402 81.)
792 3329 825 3383 et
847 3339 942 3403 super
966 3317 1217 3406 interrogatorijs
1240 3319 1371 3385 exhibit.
1394 3343 1453 3406 per
1475 3323 1599 3391 Dacan.

408 3445 441 3499 et
464 3433 568 3518 Capit
628 3431 693 3496 Vbi
721 3429 878 3494 habentur
900 3428 1111 3514 depositiones
1132 3430 1268 3509 testium,
1291 3431 1350 3497 viz.
1388 3432 1476 3499 Heu.
1501 3435 1604 3502 Swiu-

409 3545 512 3611 burne
540 3565 573 3630 p.
598 3551 650 3612 69.
709 3541 783 3609 Joh.
811 3539 969 3606 Masshall
997 3547 1050 3606 61.
1104 3540 1179 3606 Joh.
1204 3542 1362 3608 Athinson
1390 3553 1445 3611 68.
1505 3547 1599 3614 Will.

410 3657 538 3724 Palmer
554 3665 606 3723 61.
653 3654 748 3720 Rich.
766 3654 887 3740 Poaroy
898 3661 950 3719 65.
996 3652 1081 3718 Tho.
1098 3651 1288 3719 Mountaine
1303 3663 1356 3725 67.
1399 3657 1474 3722 Joh.
1488 3658 1601 3726 Whit-

409 3790 482 3834 acre
497 3777 550 3833 68.
595 3765 680 3830 Tho.
698 3763 877 3830 Soutwortb
894 3771 947 3833 70.
991 3762 1065 3828 Joh.
1083 3763 1222 3830 Brochet
1238 3771 1289 3832 71.
1337 3765 1387 3832 Ja.
1404 3768 1523 3834 Stooke
1545 3777 1599 3840 78.

413 3879 501 3945 Hen.
519 3879 654 3944 Proctor
669 3885 720 3946 78.
759 3875 849 3940 Edu.
867 3874 992 3939 Faucet
1006 3881 1058 3943 76.
1097 3875 1190 3940 Will.
1207 3874 1382 3966 Fothergill
1399 3885 1449 3948 76.
1489 3879 1601 3948 Chala.

410 3991 499 4079 toph.
517 3990 660 4077 Choytor
675 3995 727 4058 79.

457 4099 648 4166 Commissio
662 4089 703 4162 id
717 4107 823 4183 partes
837 4115 897 4182 pro
912 4095 1073 4173 munnio,
1089 4107 1233 4182 exparte
1248 4096 1400 4185 Archiep.
1409 4099 1598 4176 dondocum

497 4211 648 4277 mandato
669 4209 919 4296 Archiepisoopo
940 4219 972 4273 et
986 4207 1109 4273 Decan.
1125 4219 1157 4273 et
1173 4208 1322 4296 Capitulo
1338 4210 1428 4310 Ebop
1443 4213 1485 4279 ad
1509 4217 1600 4282 exbi-

497 4323 594 4388 bend.
608 4342 665 4422 eo}
682 4321 821 4410 agisa.

370 4459 540 4526 Processus
564 4459 629 4524 sive
652 4455 874 4524 certificatorifi
897 4475 992 4540 super
1007 4454 1158 4519 scrutinio
1171 4453 1352 4542 hujusmodi
1367 4481 1408 4524 ex
1432 4472 1522 4547 parte
1538 4465 1602 4529 Ar.

411 4571 613 4658 chlepisc'opi,
626 4569 680 4634 ubi
695 4569 852 4633 habentur
860 4565 1027 4632 extractae
1044 4565 1200 4656 Registris
1210 4567 1406 4636 diversorum
1418 4573 1603 4662 Archiepis-

412 4706 564 4769 soporum
580 4687 665 4769 (quae
679 4681 731 4746 hic
742 4679 963 4745 describuntur
973 4677 1147 4742 secundum
1161 4678 1305 4744 ordinem
1320 4685 1472 4770 temporis
1486 4685 1519 4750 in
1535 4711 1599 4776 quo

410 4797 567 4874 vixerunt,
584 4807 617 4859 et
629 4817 694 4859 non
708 4805 804 4880 prout
817 4791 975 4857 habentur
989 4791 1023 4854 in
1037 4789 1098 4854 hoc
1113 4789 1209 4874 libro)
1224 4793 1282 4857 viz.

460 4930 599 5026 Wolteri
616 4931 705 5020 Grcy
900 4949 933 5014 p.
951 4935 1005 4992 86.
1081 4925 1174 4991 Will.
1194 4925 1299 4994 Booth
1409 4939 1469 4997 181
1482 4945 1513 4997 et
1528 4942 1599 5000 190.

459 5051 600 5117 Walteri
616 5045 745 5116 Gifford
951 5051 1004 5112 87.
1079 5043 1165 5112 Tho.
1184 5046 1357 5116 Rotherum
1377 5058 1480 5116 leuet
1493 5053 1598 5120 1891).

459 5163 552 5230 Will.
575 5159 808 5228 Whichwhane
831 5167 872 5225 88
885 5168 917 5222 et
929 5166 1002 5226 886.
1079 5155 1164 5222 Tho.
1182 5159 1304 5250 Sauage
1525 5174 1599 5231 111.

457 5274 532 5340 Joh.
550 5275 689 5340 Romaiu
950 5281 1002 5339 88.
1079 5267 1196 5334 Christ
1214 5269 1396 5364 Banbridge
1524 5286 1595 5348 186.

458 5389 552 5454 Will.
570 5389 775 5456 Greenefield
827 5397 1001 5456 suetus.
1078 5379 1229 5447 Cardinul
1247 5379 1384 5470 Wolsey
1402 5388 1463 5447 169
1476 5387 1522 5472 (et
1539 5393 1601 5456 168
1672 5479 1674 5482 v

458 5507 553 5573 Will.
570 5507 697 5574 Melton
810 5513 869 5575 171
884 5517 916 5570 et
930 5513 1001 5575 178.
1119 5497 1168 5562 sor
1185 5495 1315 5576 Carlile)

456 5625 550 5692 Will.
567 5625 677 5693 Zouch
928 5635 1000 5694 180.
1078 5620 1161 5686 Rob.
1179 5619 1322 5710 Holgnte
1523 5627 1596 5694 187.

455 5743 550 5816 Alex.
563 5743 669 5814 Nevill
928 5749 999 5808 188.
1076 5733 1199 5800 Decani
1231 5745 1263 5800 et
1287 5730 1426 5820 Capitut.
1456 5731 1602 5802 Eburum

457 5853 531 5920 Joh.
549 5853 674 5940 Kempe
926 5857 998 5916 111.
1116 5849 1191 5916 sede
1208 5849 1358 5936 Archiep.
1370 5863 1500 5918 vacante
1514 5858 1586 5924 188.

365 6011 568 6078 Examinotio
590 6012 714 6078 testium
742 6033 782 6075 ex
803 6021 894 6097 parte
909 6010 1031 6076 Decan.
1056 6023 1088 6076 et
1111 6009 1270 6094 Capituli:
1294 6008 1358 6074 Vbi
1384 6007 1542 6074 habentur
1557 6009 1612 6074 In-
1744 6023 1817 6096 196.

311 6163 316 6174 ·
404 6125 612 6214 terrogetoria
626 6135 771 6211 exparte
785 6121 1079 6210 Archiepexhibit.
1095 6121 1275 6189 substitutio
1286 6120 1369 6192 sacta
1378 6141 1437 6208 per
1453 6119 1613 6210 Massrum.
1747 6137 1820 6198 198.

999 6245 1057 6302 ta
