4640 7842
500 1011 574 1090 266
1015 1031 1170 1085 coarcas
1195 1031 1450 1085 uauoscnmm

279 1235 323 1313 C.
352 1235 384 1310 I.
414 1243 473 1332 19,
559 1233 650 1302 Hinc
662 1231 810 1321 colligere
825 1231 897 1296 licet
918 1229 1010 1317 hujus
1035 1230 1108 1295 libri
1123 1241 1351 1320 argumentum,
1377 1229 1462 1316 quod
1482 1227 1590 1292 titulus
1613 1229 1645 1292 in
1659 1232 1725 1316 ejus
1746 1229 1848 1297 frome
1863 1235 1985 1318 positus
2106 1214 2113 1224 ¹

289 1332 380 1376 '⁰⁸¹⁰'
604 1368 668 1412 non
683 1345 757 1408 satis
773 1342 897 1408 indicat.

559 1458 599 1524 ln
613 1457 702 1520 initio
723 1455 816 1541 hujus
838 1453 1004 1518 tractatis:
1029 1461 1050 1496 “
1062 1456 1157 1518 Anno
1172 1453 1239 1519 Diri
1266 1463 1347 1520 1384
1370 1453 1402 1516 iu
1424 1452 1502 1518 festo
1519 1455 1567 1520 Sti
1583 1454 1731 1533 Oswaldi,
1748 1458 1921 1546 assignatus
1935 1475 1982 1525 est

602 1567 718 1632 “liber
740 1567 796 1632 iste
818 1566 976 1631 communi
998 1566 1165 1630 armariolo
1180 1566 1330 1630 Dunelm.
1351 1587 1409 1650 per
1431 1565 1603 1630 Dominum
1629 1565 1804 1632 Robertum
1822 1571 1980 1650 Priorem;

605 1687 628 1722 “
643 1691 677 1742 ut
691 1677 768 1742 nulli
784 1689 874 1742 extra
888 1675 1057 1740 claustrum
1072 1675 1355 1740 accommodetur?

563 1793 721 1860 Robertus
744 1791 784 1856 de
809 1789 998 1868 Walworth,
1022 1789 1097 1854 alias
1122 1789 1312 1878 Berringtou
1334 1787 1446 1866 dictus,
1469 1786 1561 1851 Prior
1586 1785 1644 1852 fuit
1668 1787 1709 1853 ab
1730 1812 1814 1854 armo
1839 1801 1920 1862 1874
1943 1794 1983 1858 ad

609 1914 702 1972 1891.

566 2015 778 2106 Praefiguntur
793 2015 988 2102 singulorum
1004 2014 1154 2076 librorum
1170 2025 1316 2076 contenta
1330 2011 1452 2076 duabus
1466 2011 1598 2098 paginis.

565 2127 605 2192 ln
621 2127 704 2192 fine:
729 2125 901 2210 “Explicit
924 2123 1085 2188 translatio
1108 2123 1311 2186 Canticorum
1336 2123 1503 2186 Avecenne
1527 2143 1598 2184 cum
1623 2121 1809 2188 Commenta
1836 2125 1969 2193 Averois

609 2247 630 2281 ‘⁶
644 2237 725 2302 heta
739 2243 811 2318 [ex]
828 2235 965 2300 Arabico
987 2235 1020 2298 iu
1035 2234 1182 2298 Latinum
1198 2232 1271 2315 [ab]
1287 2231 1475 2320 Affiegando
1492 2231 1598 2296 Blasio
1616 2231 1656 2296 de
1673 2233 1786 2300 Monte
1804 2198 1984 2304 Pessuland

607 2357 629 2392 “
645 2347 801 2437 Magistro
815 2369 898 2412 mme
911 2345 1007 2428 [forte
1028 2345 1060 2409 in
1077 2343 1255 2426 Medicinh]
1269 2365 1353 2408 anno
1368 2343 1595 2408 lncarnatiouis
1606 2345 1703 2410 Verbi
1718 2367 1983 2416 mcccaxxxxrv.

613 2467 634 2500 ‘⁸
649 2461 797 2539 [issar

569 2569 608 2635 In
623 2569 682 2634 hac
698 2569 795 2646 Nou,
812 2591 883 2654 quae
892 2567 1078 2654 estaprime
1089 2591 1194 2648 manu,
1220 2590 1308 2634 error
1319 2569 1358 2634 sit
1366 2581 1509 2654 oportet:
1531 2569 1658 2634 Decem
1667 2571 1750 2635 enim
1771 2573 1860 2636 anuis
1880 2596 1986 2639 recen·

610 2681 671 2744 tior
693 2691 740 2744 est
756 2679 839 2745 Nota
861 2679 897 2745 eh
912 2703 983 2766 quoe
1002 2681 1036 2744 in
1049 2679 1151 2744 fronte
1166 2680 1237 2744 libri
1251 2680 1374 2769 legitur.
1420 2679 1616 2746 Crediderim
1642 2681 1682 2744 ab
1707 2683 1875 2768 interprete
1890 2687 1985 2771 scrip·

613 2805 680 2857 tum
694 2790 787 2856 fuisse
803 2797 940 2858 ar.cc⁰-
955 2805 990 2856 ut
1008 2791 1172 2856 Bernardo
1187 2791 1353 2857 Gordonio
1368 2791 1495 2878 aequalis
1517 2789 1618 2856 fuerit.
1665 2791 1707 2856 Et
1721 2793 1795 2859 sane
1810 2793 1860 2859 hic
1875 2809 1986 2862 tracta·

613 2917 663 2969 tus
678 2903 811 2989 scriptus
826 2903 949 2968 videtur
963 2903 1071 2968 eidem
1086 2914 1178 2968 aetate
1193 2903 1253 2988 quai
1270 2903 1386 2967 Lilium
1404 2903 1584 2968 Medicinae.

570 3015 661 3082 Libri
674 3015 767 3100 hujus
781 3015 922 3078 meminit
937 3013 1107 3092 Gesnerus,
1123 3013 1176 3099 qui
1191 3017 1256 3099 ejus
1271 3014 1471 3099 interpretem
1481 3027 1570 3078 vocat
1586 3017 1821 3104 Armegandum
1838 3019 1987 3086 Blasioni.

512 3163 543 3218 4.
568 3153 737 3238 Subjicitur
750 3150 830 3214 liber
851 3151 944 3214 etiam
966 3151 1045 3214 elius
1059 3151 1100 3216 de
1122 3165 1306 3238 argumento
1323 3151 1452 3215 Medico
1474 3152 1686 3236 couscriptus;
1710 3156 1806 3240 cujus,
1823 3179 1894 3220 cum
1909 3171 1940 3222 et
1954 3159 1986 3222 iu

612 3263 700 3327 initio
714 3274 746 3326 et
760 3261 793 3324 in
806 3260 869 3324 fine
883 3261 1009 3326 mutilus
1024 3262 1074 3340 sit,
1089 3283 1147 3326 nec
1163 3263 1344 3338 Auctorem,
1361 3285 1419 3326 uec
1436 3261 1559 3326 Nomen
1574 3261 1809 3348 deprehendere
1823 3270 1924 3352 potui.

432 3607 491 3673 90.
520 3597 730 3672 Huommo.
783 3593 971 3670 lsmonus.

520 3779 547 3836 1.
573 3771 700 3836 Souna
719 3769 892 3834 Mamsrnr
912 3766 1119 3832 Husurco’rs
1134 3789 1241 3832 suren
1256 3763 1564 3844 Dsnrvamoumus,
1579 3765 1902 3850 Conposimoumoa
1915 3774 1990 3840 Sia-

617 3899 903 3956 urrrcamoumus,
921 3897 962 3940 sa·
978 3875 1357 3942 lucanensramoumus
1374 3877 1635 3940 Vocaaccouou
1653 3899 1764 3943 sacra.

574 3993 700 4058 Titulus
715 3991 766 4056 hic
782 3991 812 4054 in
829 3989 891 4052 fine
906 3988 978 4052 libri
993 4011 1013 4052 a
1026 3987 1126 4074 primi
1143 4011 1236 4054 manu
1252 3987 1447 4052 adscribitur.

576 4105 628 4170 Sic
649 4103 776 4187 incipit:
807 4101 923 4166 “Cum
945 4101 1043 4162 nostri
1065 4099 1291 4185 prothoplausti
1315 4097 1530 4184 [protoplasti]
1552 4101 1726 4186 suggestui
1749 4105 1990 4186 prevaricatione

621 4225 642 4256 “
658 4213 842 4298 Dyabolus’'
858 4217 933 4294 [pro
950 4207 1106 4292 Diaboli]

577 4325 756 4411 Proeligitur
772 4323 873 4386 index
890 4325 1010 4390 Vocum
1027 4323 1249 4408 alphabeticus.

576 4435 614 4500 ln
637 4434 700 4498 fine
722 4433 908 4520 adjiciuntur
932 4435 1024 4500 Notae
1046 4435 1164 4520 aliquot
1185 4433 1225 4496 de
1249 4433 1402 4497 Cautione
1424 4435 1601 4517 pecuniarii
1624 4433 1762 4518 depositis
1785 4439 1816 4501 iu
1841 4441 1924 4508 Cistai
1942 4449 1991 4529 (ut

617 4545 775 4626 scribitur)
800 4567 859 4629 pro
883 4545 943 4609 hoc
965 4546 1046 4609 libro
1067 4557 1177 4609 mutuo
1198 4543 1294 4621 dato;
1318 4566 1450 4631 quarum
1471 4545 1572 4629 prima
1592 4559 1639 4610 est
1661 4569 1743 4609 aruro
1766 4557 1865 4614 1312:
1889 4575 1990 4640 ucque

618 4655 697 4720 liber
711 4655 777 4741 ipse
792 4655 891 4720 multo
905 4655 1062 4742 antiquior
1076 4654 1207 4718 videtur.

577 4767 718 4852 Scriptus
733 4778 780 4830 est
794 4765 882 4830 lineis
896 4767 1022 4839 divisim
1044 4765 1140 4830 literis
1155 4763 1374 4842 mediocribus,
1391 4765 1583 4844 acuminatis,
1600 4767 1679 4830 bene
1694 4767 1839 4834 formatis.

577 4879 733 4968 Hugutio‚
759 4875 926 4966 Huguitio,
950 4878 997 4942 vel
1015 4877 1115 4966 Hugo
1129 4877 1336 4942 Vercellensis
1352 4883 1410 4962 (tot
1424 4878 1507 4941 enim
1530 4879 1630 4942 modis
1652 4883 1791 4962 vocatur)
1815 4900 1993 4954 recensetur

617 4990 699 5054 inter
713 4989 831 5074 primos
847 4987 975 5054 Decreti
991 4989 1199 5067 Glossatores,
1222 5011 1242 5052 a
1258 4987 1433 5066 Strauchio,
1456 5011 1517 5052 von
1536 4989 1712 5068 Mastricht,
1730 4993 1865 5060 Calixto.
1910 4999 1941 5064 V
1942 5002 1991 5067 ide

621 5099 779 5166 Placcium
795 5099 835 5164 de
852 5100 1061 5186 scriptoribus
1078 5101 1262 5186 Anonymis,
1286 5121 1371 5164 num.
1388 5109 1460 5170 937.
1476 5122 1548 5188 pag.
1571 5109 1645 5166 235.
1691 5103 1753 5168 Sed
1768 5107 1886 5172 nullam
1901 5111 1992 5200 hujus

622 5213 788 5298 Scriptoris
810 5213 1003 5276 mentioaum
1020 5213 1144 5277 invenio
1165 5212 1251 5297 apud
1266 5211 1525 5277 Bibliothecarios
1549 5213 1734 5298 Scriptores,
1757 5234 1890 5307 excepto
1913 5225 1993 5291 Ges-

620 5345 707 5402 nero‚
723 5325 776 5410 qui
795 5323 943 5412 Hugonis
960 5325 1164 5388 vercellensis
1181 5325 1372 5389 Glossatoris
1387 5323 1546 5402 meminit;
1570 5325 1624 5390 sed
1640 5349 1703 5391 non
1720 5328 1811 5414 hujus
1825 5308 1906 5401 libri.

522 5471 552 5529 2.
576 5462 716 5528 lsrnom
735 5441 1057 5526 Eauruoaoarauuu
1073 5484 1165 5527 cinni
1182 5470 1234 5529 90.

584 5575 665 5640 Sunt
682 5571 805 5650 lsidori,
825 5571 1022 5658 Hispalensis
1039 5574 1198 5660 Episcopi,
1216 5574 1433 5660 Etymologiec.

582 5685 729 5751 Praelatio
744 5684 787 5748 sic
802 5683 928 5770 incipit:
954 5693 975 5725 ‘⁶
988 5683 1127 5748 Domino
1142 5708 1222 5763 meo,
1245 5701 1276 5750 et
1291 5685 1353 5750 Dei
1375 5709 1465 5750 servo
1481 5687 1642 5752 Bmulioui
1659 5688 1817 5778 Episcopo
1832 5693 1995 5764 Ysidorus.

626 5804 648 5837 “
663 5796 760 5861 Omni
775 5795 930 5860 desiderio
945 5795 1118 5860 desideravi
1133 5818 1217 5860 nunc
1232 5797 1337 5860 videre
1353 5797 1462 5860 lucium
1477 5801 1625 5862 tuam’'-

582 5903 681 5972 Liber
695 5908 756 5971 sic:
780 5915 801 5950 ‘⁶
814 5907 990 5992 Disciplina
1004 5930 1024 5970 a
1037 5907 1187 5972 discendo
1201 5929 1315 5972 nomen
1330 5907 1480 5992 accepit.’'

583 6017 787 6084 Praemittitur
802 6017 905 6084 Index
919 6041 1029 6084 vocum
1044 6018 1267 6103 alphabeticus.
