4630 7860
54 1229 94 1305 A.
109 1225 178 1300 1v.
192 1231 226 1298 8.

63 1324 177 1376 quum

772 1023 958 1076 uccussrn
984 1024 1260 1078 umsuuausrs.
1712 1003 1776 1094 632

382 1223 457 1312 gine
473 1221 718 1311 Evangeliorum
738 1235 866 1288 notatur
886 1245 1036 1290 numerus
1052 1224 1201 1309 Cupitum
1215 1245 1257 1288 ex
1270 1221 1468 1287 distinctione
1488 1220 1662 1288 hodierni:
1685 1226 1765 1289 etin

377 1335 447 1421 ipso
463 1335 570 1399 Textu
592 1334 750 1398 distinctio
771 1335 831 1400 ista
845 1337 1034 1424 quandoque
1048 1348 1189 1422 apparet.
1235 1334 1299 1401 Sed
1320 1335 1380 1399 ista
1395 1335 1543 1420 Cupitum
1564 1336 1684 1401 notatio
1697 1358 1764 1402 nou

377 1447 582 1512 videturesse
605 1445 738 1531 :iprimd
754 1469 868 1510 manu:
892 1461 958 1512 tum
981 1451 1055 1535 quia
1076 1449 1290 1512 distinctiones
1307 1447 1456 1532 Cepitum
1478 1449 1511 1510 in
1527 1447 1636 1524 Textu
1648 1449 1678 1514 ei
1698 1470 1765 1512 non

379 1582 503 1644 semper
516 1559 725 1643 respondent:
741 1562 771 1625 &
786 1558 871 1646 qubd
885 1559 974 1625 deest
987 1561 1020 1623 in
1037 1559 1215 1644 Prophetis
1238 1559 1292 1645 qui
1306 1571 1412 1623 tamen
1428 1560 1574 1644 Cupitum
1589 1561 1765 1625 distinctio·

380 1693 452 1736 nem
467 1672 501 1733 in
517 1671 623 1736 Textu
637 1671 763 1736 habent.
810 1671 943 1736 Videtur
957 1673 1053 1760 igitur
1066 1670 1119 1734 hic
1134 1671 1267 1755 scriptus
1278 1670 1373 1735 fuisse
1388 1683 1460 1734 ante
1474 1685 1598 1738 aetatem
1615 1673 1766 1761 Hugonis
1825 1685 1831 1708 ⁸

383 1781 569 1860 cardinalis,
594 1783 648 1869 qui
671 1805 741 1846 eam
764 1782 948 1848 divisionem
972 1783 1093 1868 primus
1118 1783 1270 1860 instituit;
1293 1794 1329 1846 ut
1347 1782 1389 1846 ad
1410 1804 1509 1848 annos
1533 1794 1596 1852 500
1618 1785 1766 1852 accedere

380 1895 531 1960 videatur.

341 2008 523 2092 Apponitur
537 2008 631 2072 etiam
653 2007 768 2071 alicubi
790 2008 822 2070 in
838 2007 979 2094 margine
1003 2005 1182 2070 Harmonia
1205 2006 1404 2093 Evangelica,
1428 2007 1602 2072 secundum
1618 2008 1765 2072 Canones

383 2117 581 2182 harmonicus
598 2117 802 2194 Eusebianos,
820 2117 873 2204 qui
888 2117 984 2182 veteri
999 2115 1191 2180 distinctioni
1206 2118 1252 2202 (in
1267 2117 1390 2180 minora
1404 2131 1574 2205 segmenta,
1590 2119 1654 2182 sive
1671 2119 1766 2204 Capi-

384 2230 462 2310 tula)
478 2228 678 2314 respondent.

344 2341 429 2404 Ante
445 2341 566 2404 Lucam
590 2339 699 2403 Scriba
722 2339 889 2403 Lectorem
912 2340 956 2402 sic
978 2338 1165 2426 alloquitur:
1190 2339 1389 2405 “Lectorem
1413 2342 1544 2406 obsecro
1558 2341 1696 2407 studiose
1710 2364 1767 2428 pa·

388 2459 410 2494 “
424 2453 514 2538 ginas
535 2463 748 2515 recensentem
765 2449 837 2514 libri
856 2450 960 2537 hujuS,
984 2474 1021 2516 ea
1040 2474 1102 2538 que
1121 2451 1245 2517 incaute
1265 2465 1374 2517 contra
1395 2477 1447 2517 eus
1469 2453 1530 2517 stili
1549 2465 1768 2539 percurrentes

390 2571 413 2605 ‘⁶
426 2563 589 2650 designata
611 2561 739 2650 vestigia
753 2574 836 2638 sunt,
858 2583 923 2626 non
938 2564 1107 2650 conjungat
1127 2563 1236 2626 errori.
1283 2563 1345 2628 Sed
1366 2577 1440 2648 peto
1455 2587 1524 2627 mee
1546 2565 1707 2651 ignoscere
1722 2565 1769 2652 ig-

392 2683 414 2716 “
428 2674 579 2739 norantie.
625 2673 668 2738 Et
682 2674 755 2760 quia
778 2674 945 2738 obstinatio
967 2674 1098 2762 legentis
1122 2675 1286 2760 amplicata
1301 2675 1398 2740 virtus
1421 2675 1571 2739 exercitat
1592 2675 1632 2738 ad
1654 2697 1769 2760 purum

392 2793 414 2826 “
428 2777 545 2850 dociles
559 2797 678 2849 mentes
694 2785 757 2848 suis
771 2785 929 2848 favoribus
943 2787 1040 2870 meiq3
1056 2808 1177 2849 memor
1191 2787 1390 2871 benigne'’—

350 2895 457 2982 Hujus
473 2896 680 2960 excusationis
696 2918 821 2960 sensnm
843 2896 918 2960 sane
933 2918 997 2959 non
1016 2917 1173 2981 assequor.
1219 2894 1294 2958 Non
1309 2907 1356 2959 est
1373 2897 1468 2983 igitur
1489 2897 1614 2974 mirum,
1638 2898 1710 2962 siin
1726 2897 1771 2962 al·

390 3007 486 3073 terius
500 3007 603 3070 verbis
617 3005 829 3070 describendis
844 3028 928 3091 saepe
947 3005 1107 3083 erraverit,
1131 3004 1229 3090 (quod
1244 3003 1349 3068 multis
1371 3005 1404 3068 in
1426 3005 1502 3068 locis
1516 3005 1568 3069 hic
1581 3006 1697 3070 factmn
1712 3009 1771 3088 est)

394 3119 449 3206 qui
462 3139 527 3182 non
541 3118 645 3203 potuit
659 3119 754 3181 animi
777 3119 824 3182 sui
840 3139 930 3182 sensa
951 3119 995 3181 ita
1008 3137 1203 3203 expromere,
1226 3128 1262 3179 ut
1276 3116 1407 3205 intelligi
1421 3129 1535 3201 posset.
1581 3115 1702 3181 Eadem
1717 3139 1772 3182 exe

393 3230 511 3295 uusado
525 3229 662 3294 occurrit
674 3227 765 3308 infra,
790 3229 885 3314 (Cod.
904 3230 958 3311 14)
979 3230 1012 3292 in
1027 3230 1116 3292 initio
1131 3227 1229 3292 Lucae
1243 3227 1380 3315 glossati.
1427 3227 1485 3291 Est
1498 3227 1541 3290 ibi
1556 3227 1651 3311 paulo
1666 3251 1771 3292 emen-

394 3341 515 3418 datior3
531 3341 585 3406 sed
601 3341 678 3406 tanti
693 3363 757 3405 non
773 3353 829 3420 est,
846 3355 880 3407 ut
896 3342 1080 3430 corrigatur.
1530 3386 1534 3394 ·

353 3453 531 3542 Evangeliis
546 3455 777 3542 subjunguntur
793 3456 957 3520 Parabolae
975 3453 1169 3530 Solomonis:
1190 3454 1288 3518 literis
1302 3453 1532 3530 minutioribus,
1555 3452 1611 3518 sed
1625 3452 1774 3543 eleganti-

392 3567 471 3644 bus:
494 3580 526 3632 et
538 3567 618 3632 forte
632 3568 672 3632 ab
687 3567 798 3632 eodem
813 3567 933 3632 scribsi:
955 3567 1076 3632 nullum
1098 3579 1146 3630 est
1159 3567 1243 3630 enim
1257 3566 1472 3631 insterstitium
1486 3565 1567 3630 inter
1581 3587 1633 3630 eas
1647 3577 1680 3630 et
1695 3567 1774 3632 Pro-
1850 3611 1852 3616 .

393 3681 514 3766 phetas.
561 3680 625 3746 Sed
639 3680 787 3745 desinunt
800 3681 833 3743 in
847 3703 939 3745 versu
954 3683 1000 3744 4³⁰
1017 3679 1136 3766 Capitis
1151 3680 1227 3746 26⁵.

297 3826 326 3882 2.
351 3816 469 3884 Mxncr
486 3818 728 3896 Evnuouaruru,
744 3838 788 3881 ur
803 3817 913 3883 stms
929 3811 1126 3883 Pnornnrx.

354 3931 407 3994 Ab
422 3930 481 3995 alit
497 3952 593 3994 manu
608 3941 681 3994 sunt
702 3928 797 4014 quim
812 3931 1007 4014 superiores3
1033 3928 1096 3992 Sed
1111 3925 1250 4013 ejusdem
1265 3924 1409 3988 videntur
1424 3926 1532 3989 aetatis.
1577 3925 1706 3989 Nullam
1720 3924 1776 3990 ha-

398 4039 475 4103 bent
491 4040 640 4124 Capitum
654 4039 893 4103 distinctionem.
938 4037 1055 4102 Literae
1070 4048 1143 4102 sunt
1155 4036 1295 4113 minutae,
1311 4035 1367 4099 sed
1381 4036 1547 4124 elegantes

297 4185 327 4240 3.
352 4173 463 4239 quex
486 4195 737 4240 xurnaunrrcus
753 4195 876 4240 usuum
899 4195 938 4240 ru
960 4194 1074 4252 niuno,
1099 4193 1202 4240 curus
1225 4192 1349 4238 nomeu
1372 4192 1445 4238 uou
1467 4193 1672 4250 urrunnun,
1696 4193 1777 4239 cou-

399 4307 598 4352 rauranum.

356 4397 562 4484 Imperfectus
577 4408 642 4475 est;
665 4399 829 4463 nonenim
850 4398 933 4463 ultra
953 4397 1075 4462 literam
1091 4395 1147 4481 (P)
1169 4394 1362 4481 producitur.
1409 4395 1498 4458 Folia
1519 4396 1680 4482 sequentia
1694 4396 1779 4461 exci-

399 4509 482 4575 disse
496 4509 651 4574 videntur.

298 4655 329 4711 4.
353 4645 401 4712 Ut
415 4658 447 4712 et
469 4647 730 4712 Excnurrouun
752 4665 987 4712 ouourcouuro
1009 4665 1054 4710 ux
1078 4643 1271 4710 Hrsronrco
1295 4665 1421 4727 mrouo
1444 4645 1595 4729 (Cunaro
1618 4665 1664 4710 ur
1685 4665 1780 4710 vrun-

398 4759 481 4840 ruu)
499 4759 589 4823 Pius
604 4779 710 4824 aaron
724 4760 754 4824 &
770 4779 860 4822 murs
875 4777 1003 4822 uritur:
1028 4756 1204 4842 Supersunt
1224 4755 1308 4820 euim
1330 4767 1451 4820 tantum
1465 4756 1538 4820 libri
1554 4755 1598 4820 8'¹
1611 4777 1685 4842 pars
1707 4777 1779 4840 pos·

399 4870 505 4948 terior,
522 4873 552 4936 &
567 4876 639 4937 9³⁰¹.

360 4980 541 5067 Sequuntur
555 4983 595 5046 ab
610 4983 720 5048 eddom
734 5003 831 5045 mauu
847 4979 1052 5044 Miscellanea
1066 4999 1108 5042 ex
1121 4979 1214 5044 variis
1230 4977 1442 5064 Scriptoribus
1457 4977 1595 5054 collecta,
1605 4977 1692 5050 ¹foliis
1707 4985 1737 5040 t.

302 5122 332 5180 5.
355 5113 575 5191 Quusrrouns
590 5138 733 5201 posnan
748 5136 855 5181 suren
870 5135 973 5179 muno
992 5115 1317 5194 1⁸¹⁰[Au1sroruns]
1333 5133 1376 5178 ue
1393 5115 1524 5178 Aurius.
1637 5121 1672 5176 ll
1691 5109 1781 5174 foliis.

303 5258 333 5315 6.
357 5248 469 5316 quux
485 5273 736 5318 xnruxuurmus
752 5271 790 5315 ru
807 5250 994 5314 Vinearum
1011 5247 1206 5314 Mxxruuu.
1570 5296 1571 5299 ,
1656 5255 1674 5311 3
1690 5244 1781 5309 foliis.

305 5389 334 5451 7.
360 5383 472 5451 quax
489 5407 591 5454 smus
607 5409 645 5452 ru
661 5407 809 5452 uuuuau-
821 5383 917 5474 paulo
930 5383 1099 5470 longior—
1626 5385 1668 5468 ἢ
1682 5381 1774 5446 foliis.

359 5497 537 5584 aquodam
564 5497 721 5585 Magistro
745 5495 891 5583 Remigio
905 5493 1074 5558 coniectus.
1111 5491 1182 5556 'Cui
1204 5491 1307 5558 statim
1329 5491 1491 5579 subjicitur
1512 5492 1590 5557 alius
1610 5495 1711 5559 multo
1725 5517 1778 5559 co-

402 5609 531 5694 piosior,
548 5609 603 5694 (ab
617 5608 729 5674 eodem
742 5607 822 5672 forte
837 5605 1016 5692 congestus)
1636 5615 1677 5672 et
1691 5605 1783 5671 foliis.

362 5718 455 5784 Fuit:
480 5720 610 5787 “Liber
633 5719 791 5808 quondam
806 5715 950 5801 Dompni
966 5713 1038 5780 Riei
1054 5711 1276 5802 Byllyugham‚
1298 5735 1356 5801 per
1371 5714 1558 5803 Dompn'um
1572 5715 1614 5782 T.
1632 5717 1784 5785 Swalwell

408 5838 430 5872 “
448 5831 596 5921 Registro
610 5855 666 5898 seu
680 5832 751 5896 usui
768 5828 954 5895 Canoellarii
968 5827 1147 5893 lirnitatus.'’

306 5973 336 6032 8.
360 5965 530 6054 Subjicitur
545 5989 624 6034 xum
638 5989 677 6034 ru
692 5985 839 6034 auunurr
855 5966 1075 6032 Scmrroamr
1090 5961 1244 6042 Tarum,
1264 5961 1321 6032 sed
1333 5963 1541 6051 incompleta:
1567 5965 1785 6052 relinquuntur

363 6077 447 6144 euim
462 6078 543 6146 iuter
556 6080 696 6170 singulos
709 6101 791 6167 pene
806 6075 965 6146 Articulos
979 6074 1144 6146 interstitia
1157 6095 1263 6154 moue
