4650 7852
533 1085 605 1166 ito
1056 1109 1215 1162 coerces
1240 1107 1496 1164 naauscmrrr

313 1315 357 1392 Β.
377 1315 429 1392 ΙΙ.
446 1321 507 1394 33.
530 1326 562 1384 4.
585 1311 735 1382 Ysrnorr
751 1327 795 1376 or
812 1309 944 1376 Sunno
959 1329 1053 1376 soso
1068 1331 1164 1378 marr
1180 1320 1212 1378 t.
1837 1312 1907 1382 Fol.
1923 1325 1978 1388 65.

324 1413 416 1456 '⁰¹³⁰'
593 1425 692 1492 Liber
708 1423 833 1494 Primus
847 1421 944 1488 habet
960 1423 1074 1510 Capita
1091 1431 1152 1490 18:
1169 1421 1334 1492 Secundus
1349 1431 1412 1490 44:
1435 1421 1565 1490 Tertius
1580 1431 1642 1490 66:
1659 1422 1802 1502 Quartus
1819 1435 1869 1496 la.
1916 1427 2022 1500 Cete-

494 1537 498 1544 '
635 1561 707 1604 rum
721 1549 976 1604 :resumumex
990 1537 1040 1602 bis
1060 1537 1147 1604 libris
1169 1552 1268 1628 agunt
1288 1537 1330 1604 de
1346 1539 1478 1605 Summo
1492 1538 1595 1604 bono:
1619 1537 1762 1616 Quartus
1776 1542 1879 1609 estde
1894 1543 2020 1634 Βαράκ-

635 1671 708 1728 mo:
730 1651 836 1738 itique
850 1649 1030 1716 inscribitur
1044 1650 1077 1714 in
1099 1650 1189 1716 initio
1202 1649 1275 1716 libri
1289 1660 1329 1716 4:
1354 1659 1376 1694 ‘⁶
1387 1649 1479 1716 idem
1493 1650 1534 1716 de
1550 1650 1673 1718 Ordine
1690 1652 1844 1739 Baptismi
1854 1657 1884 1723 :’'
1907 1658 2020 1738 Quen-

633 1785 728 1851 qutun
742 1763 776 1826 iu
790 1761 892 1828 fronte
906 1761 979 1826 libri
993 1761 1087 1848 primi
1103 1761 1224 1828 Omnes
1238 1771 1259 1828 4
1274 1762 1315 1828 de
1331 1764 1463 1830 Summo
1477 1763 1562 1828 bono
1576 1777 1809 1850 nuncupentur.

593 1875 692 1942 Liber
710 1883 774 1940 1¹¹⁶*
788 1875 832 1940 sie
847 1875 976 1961 incipit:
1001 1883 1023 1918 ‘⁶
1034 1875 1201 1940 Summum
1217 1875 1343 1942 Bonum
1360 1875 1460 1954 Deus,
1477 1877 1551 1964 quia
1565 1877 1828 1979 incomputribilis
1842 1883 1954 1948 νβ’...

592 1990 691 2056 Liber
705 1991 760 2055 4⁶¹¹·
774 1989 839 2054 sic:
872 1989 1008 2066 “Quod
1029 1989 1126 2054 modo
1150 1989 1291 2056 inientes
1314 1989 1542 2056 Catechumeni
1565 1989 1752 2073 efficiunttn,
1779 1995 1925 2084 antiquus
1946 2019 2018 2066 mos

637 2111 659 2144 “
673 2103 878 2167 screatu?-

593 2215 736 2300 Scriptus
750 2227 797 2279 est
811 2213 863 2280 hic
879 2213 992 2279 Codex
1006 2213 1104 2278 literis
1119 2213 1341 2294 mediocribus,
1357 2237 1423 2280 non
1438 2213 1519 2280 male
1533 2212 1674 2282 fonnetis
1682 2240 1691 2294 ς
1707 2229 1800 2285 etsta
1815 2224 1865 2306 (ut
1879 2219 2016 2306 videtin)

632 2325 743 2392 eidem
758 2325 819 2411 qui
837 2325 1107 2414 Etymologiarum
1123 2325 1206 2390 libri.

532 2495 562 2552 5.
586 2487 767 2552 Smaaaear
785 2487 953 2551 Drannsm
970 2483 1238 2552 Moaacuonutr.
1352 2513 1356 2518 ·
1849 2489 1903 2556 iol.
1919 2499 1971 2558 92.

589 2597 642 2664 Sic
658 2598 784 2683 incipit:
809 2605 831 2639 ‘⁶
848 2595 948 2662 Hunc
969 2597 1100 2662 modum
1127 2597 1223 2678 [forte
1244 2597 1421 2681 modicum]
1444 2597 1585 2664 libellum
1610 2599 1801 2689 smaragdus
1823 2601 1864 2668 de
1886 2603 2016 2670 diversis

632 2716 654 2750 ⁶‘
669 2707 846 2774 Virtutibus
861 2707 997 2796 collegit,
1013 2719 1046 2774 ct
1060 2709 1088 2773 ei
1101 2707 1228 2773 Nomen
1239 2707 1397 2774 Disdema
1410 2707 1644 2774 Monachorum
1659 2711 1824 2798 imposuit:
1841 2715 1915 2800 quia
1928 2715 2015 2784 Sicut

631 2827 653 2862 ‘⁶
667 2819 826 2886 Diadema
839 2821 982 2908 gemmis,
1005 2819 1049 2884 ite
1063 2819 1160 2886 ethic
1184 2819 1282 2884 Liber
1298 2819 1397 2908 fulget
1413 2819 1601 2886 Virtutibus.
1647 2821 1748 2888 Hunc
1762 2823 1890 2890 modici:
1910 2827 2014 2912 operis

631 2939 653 2974 ⁶⁶
667 2933 766 2996 nostri
780 2931 922 2996 libellum
936 2931 978 2994 de
991 2930 1098 2996 multis
1112 2931 1203 2996 dictis
1220 2930 1547 2996 Orthodoxornm’'-

586 3042 641 3108 Ab
655 3041 766 3108 eidem
780 3064 877 3106 manu
892 3041 1035 3128 Scriptus
1049 3053 1098 3108 est
1110 3039 1164 3106 hic
1180 3040 1349 3108 Tractatus
1364 3041 1426 3130 qui
1444 3042 1605 3128 Superior.

531 3161 561 3267 s.
586 3201 624 3264 ln
647 3201 710 3264 fine
732 3200 804 3264 aba
831 3199 994 3286 subjicitur
1015 3199 1119 3264 brevis
1141 3219 1340 3266 oisemo
1368 3199 1613 3286 (laetantum
1636 3203 1692 3284 m)
1719 3223 1912 3272 mansam
1935 3205 2014 3272 Me.

631 3331 851 3376 elementum.

588 3423 641 3490 Sic
654 3422 780 3508 incipit:
805 3430 827 3463 ⁶⁶
843 3417 1018 3506 Scrupulus
1032 3431 1080 3484 est
1093 3419 1218 3506 pondus
1234 3427 1276 3485 20
1290 3421 1493 3510 granorum.”

442 3743 502 3812 34.
529 3735 734 3809 Exeosmro
751 3758 792 3806 m
818 3731 1028 3806 Errsronas
1056 3755 1104 3804 tn
1132 3729 1381 3820 Coarurrnos,
1410 3731 1602 3822 Gaianas,
1631 3733 1828 3826 Ernnsros,
1857 3737 2009 3814 Penur-

574 3881 720 3945 raasns,
744 3857 1011 3944 Conossaases,
1040 3853 1432 3944 Tnassaaoarcnasns,
1462 3855 1719 3948 T1mornanra,
1748 3859 1894 3952 Tmen,
1923 3863 2010 3939 Put-

572 4008 772 4072 nnmoann,
802 3982 1003 4056 Heaanos.

572 4135 704 4200 Nullum
721 4131 869 4198 Auctoris
884 4131 933 4195 vel
950 4131 1040 4195 Libri
1054 4152 1170 4194 nomen
1193 4152 1213 4193 a
1225 4129 1327 4216 primi
1343 4153 1440 4195 manu
1454 4129 1660 4196 adscribitur:
1683 4133 1723 4196 ab
1738 4133 1798 4198 alit
1813 4155 1908 4200 menn
1925 4136 2013 4220 (satis

528 4259 633 4312 tamen
647 4244 788 4334 antiqui)
804 4243 855 4308 iric
868 4240 994 4308 Titulus
1009 4255 1075 4308 est:
1094 4251 1115 4286 ‘⁶
1128 4241 1237 4307 Flores
1250 4240 1339 4306 Bede
1349 4243 1381 4304 in
1395 4241 1495 4328 Epias
1507 4241 1608 4320 Pauli,
1624 4265 1642 4306 e
1657 4243 1705 4306 cui
1720 4243 1847 4310 libraris
1860 4245 2014 4346 Mo⁶cbop

528 4366 550 4400 ⁶‘
564 4355 736 4423 Dunelffi.”
782 4354 825 4420 Et
840 4355 872 4418 in
887 4353 948 4418 alio
964 4353 1059 4420 folio:
1084 4363 1105 4396 ⁶‘
1117 4351 1182 4418 Iste
1196 4351 1276 4416 liber
1294 4351 1354 4416 fuit
1369 4351 1528 4438 quondam
1550 4373 1610 4437 pro
1632 4351 1750 4420 lecturi
1773 4355 1806 4418 in
1823 4355 2013 4438 Refectorio,

530 4476 552 4510 ‘⁶
566 4481 599 4533 et
607 4468 707 4554 jacuit
722 4466 754 4529 in
770 4463 950 4530 Armeriolo
959 4465 1054 4550 juxta
1068 4463 1230 4527 introitum
1246 4461 1455 4526 infirmarie.''

573 4577 842 4644 Commentarium
857 4574 942 4640 hunc
965 4573 1159 4659 (Mabillonij
1182 4572 1356 4637 rationibus
1370 4573 1403 4635 in
1426 4571 1586 4638 Analectis
1601 4575 1749 4659 permoti)
1767 4575 1900 4654 Cevb'us,
1923 4589 1956 4644 et
1970 4577 2015 4644 du

530 4689 591 4756 Pin
606 4689 749 4754 tribuunt
764 4685 861 4752 Floro
876 4684 1095 4774 Lugdunensi,
1119 4685 1208 4770 cujus
1230 4703 1346 4746 nomen
1369 4681 1398 4748 ei
1422 4682 1454 4745 in
1480 4681 1575 4747 Mitis
1596 4683 1739 4769 pluribus
1761 4687 1960 4753 inscribitur:
1984 4701 2017 4754 et

529 4801 614 4890 qubd
630 4799 709 4866 alius
730 4799 886 4888 genuinus
910 4796 1009 4862 Bedae
1029 4795 1283 4873 commentarius,
1307 4793 1450 4860 nondum
1471 4793 1584 4874 editus,
1609 4795 1644 4860 in
1666 4795 1845 4885 Mabillonij
1868 4801 2016 4868 manibus

530 4927 621 4981 esset.

573 5025 673 5091 Hunc
689 5047 764 5090 sane
787 5021 1057 5090 commentarium
1076 5019 1173 5086 Beda:
1187 5019 1360 5108 genuinum
1375 5018 1479 5098 fnisse,
1503 5021 1535 5083 in
1559 5019 1756 5088 Monasterio
1778 5023 1840 5090 hoc
1860 5027 2015 5094 creditum

527 5139 622 5204 fuisse
637 5137 785 5225 colligere
799 5137 881 5214 licet,
902 5145 970 5200 tum
984 5155 1025 5198 ex
1040 5131 1132 5196 titulo
1146 5131 1179 5194 in
1194 5130 1267 5196 libri
1280 5129 1384 5196 fronte
1398 5131 1520 5218 posito;
1543 5143 1610 5196 tum
1626 5155 1667 5200 ex
1682 5155 1730 5214 eo,
1746 5135 1831 5223 qubd
1847 5137 1951 5226 legere
1966 5161 2016 5203 so-

529 5249 630 5316 lerent
645 5271 718 5314 eum
739 5250 771 5312 in
789 5246 978 5324 Reiectorio,
1003 5243 1173 5310 Monacbis
1188 5243 1306 5308 scilicet
1326 5243 1432 5309 cibum
1454 5245 1660 5311 sumentibus.
1717 5247 1818 5314 Hunc
1836 5263 1940 5316 autem
1956 5251 2015 5315 ho·

529 5383 640 5428 norem
659 5383 725 5424 non
747 5358 917 5424 exhibituri
939 5357 1036 5422 fuisse
1058 5355 1204 5420 videntur
1225 5355 1352 5420 citerius
1375 5356 1558 5444 cujusquam
1582 5357 1824 5426 Commentariis
1845 5361 1879 5426 in
1900 5362 2015 5428 librum

529 5473 665 5561 aliquem
682 5473 769 5540 Secti
782 5471 919 5548 Codicis,
935 5471 1074 5558 laquem
1088 5467 1227 5555 ejusdem
1242 5469 1367 5556 generis
1378 5469 1648 5535 Commentarium
1663 5473 1898 5558 conscripsisset
1908 5473 2015 5552 Beda:

530 5587 618 5672 eujus
632 5585 815 5650 memorium
840 5584 969 5650 Summi
985 5581 1197 5648 Veneratione
1218 5579 1507 5668 prosequebantur:
1529 5583 1681 5670 cujirsque
1695 5607 1767 5648 ossa
1780 5608 1799 5649 e
1812 5585 1942 5670 proprio
1958 5587 2016 5652 Se-

530 5697 665 5783 pulchro
679 5697 913 5774 transtulerunt,
938 5705 973 5758 ut
987 5715 1025 5758 ee
1039 5693 1072 5758 in
1088 5693 1228 5758 Ecclesii
1244 5693 1300 5758 sui
1323 5693 1507 5760 conderent.
1552 5694 1644 5760 Idem
1658 5695 1798 5761 indicere
1810 5695 1935 5762 videtur
1951 5699 2016 5764 co-

528 5811 607 5878 dicis
622 5809 718 5896 ipsius
733 5810 888 5899 elegantia
902 5830 998 5896 supra
1008 5819 1138 5874 caeteros
1149 5829 1231 5892 pene
1245 5829 1354 5872 omnes
1369 5809 1494 5874 eximis.
1539 5807 1628 5874 Nulli
1642 5809 1728 5878 certe
1738 5808 1850 5876 nouis
1865 5810 1905 5877 de
1916 5809 2017 5878 Bedte

530 5922 652 6007 seriptis
667 5932 802 5986 statuere
816 5931 963 6007 poterent
976 5940 1070 6007 quam
1082 5917 1236 5982 Monachi
1251 5917 1501 5996 Dunelmcnses3
1516 5941 1626 5985 eorum
1638 5921 1734 6010 igitur
1747 5923 1960 5988 testimoninm
1975 5923 2016 5988 de

526 6033 588 6098 bac
602 6054 637 6098 re
645 6031 751 6120 magni
761 6031 911 6117 ponderis
925 6053 994 6098 esse
1007 6031 1112 6098 debet.
1157 6027 1294 6097 Minime
1308 6051 1385 6118 ergo
1396 6031 1560 6116 probabile
1568 6043 1626 6113 est,
1638 6055 1692 6100 eos
1705 6033 1804 6102 Bedte
1814 6035 2017 6124 adscripsisse
