4630 7860
36 1061 39 1154 Ι

36 1241 38 1314 1

778 1177 971 1233 11111111
990 1175 1268 1230 1111111111.
1714 1163 1762 1234 115

36 1359 37 1394 ³
82 1385 190 1464 ΜΠ,
215 1392 249 1462 8,
264 1376 301 1428 ῗ“
314 1381 504 1448 revelatione
518 1385 641 1444 1111111
653 1399 721 1444 essa
735 1379 887 1446 locutos.”
932 1380 1058 1447 Glossce
1071 1401 1182 1468 panca
1195 1377 1410 1444 interlineares
1423 1388 1506 1457 sunt,
1526 1378 1633 1466 plures
1646 1385 1765 1473 mergi-

85 1485 183 1576 filiii
281 1495 377 1561 nales.
424 1492 507 1569 Quae
521 1491 643 1556 veroin
658 1493 799 1581 margine
814 1493 907 1581 hujus
927 1495 1000 1558 libri
1015 1494 1247 1571 adscribuntur,
1269 1513 1334 1556 non
1347 1491 1480 1558 diversa
1494 1505 1566 1559 sunt
1580 1495 1680 1561 abeis
1694 1521 1776 1586 qua»

36 1555 39 1684 1
283 1606 419 1672 inlibris
433 1603 820 1690 impressis-interlineares
834 1615 925 1668 sunt:
949 1604 1065 1668 Glossa
1080 1605 1226 1681 exterior,
1242 1604 1307 1668 sire
1320 1603 1479 1668 ordinaria
1496 1604 1549 1672 hio
1560 1606 1767 1674 desideratur.

328 1718 471 1785 Psalmos
486 1729 659 1803 sequuntur
682 1717 882 1782 Precationes
905 1716 1050 1803 quoedam
1068 1716 1208 1794 Biblicoe,
1232 1726 1300 1801 atqy
1318 1715 1556 1797 Fcclesimtioe,
1579 1731 1611 1784 et
1626 1720 1767 1809 Hymni:

283 1831 339 1897 sed
354 1831 421 1894 sine
437 1828 569 1894 Glossa:
587 1827 661 1892 Scil.
678 1836 700 1868 “
709 1825 802 1892 Isaiae
817 1829 923 1913 Caput
940 1836 1014 1893 ΙΨ
1029 1827 1214 1893 Confitebor
1228 1826 1284 1890 tibi
1299 1825 1468 1890 Domine.''
1513 1829 1658 1896 Erechioe
1671 1831 1770 1920 Regis

286 1953 307 1986 “
323 1943 446 2010 Oratio.
490 1941 562 2005 lsai.
580 1950 630 2005 38.
654 1963 682 2003 v.
702 1950 751 2006 10.
797 1941 870 2005 “ln
885 1941 1016 2005 dimidio
1030 1939 1152 2005 dierum
1167 1941 1339 2004 meorum.”
1384 1940 1488 2003 Annae
1501 1944 1673 2028 gratiarum
1688 1947 1770 2009 actio

287 2065 382 2140 “pro
397 2054 462 2118 filio
476 2065 560 2116 nato.
609 2053 732 2117 l.Sam.
748 2061 778 2118 2.
794 2063 821 2117 l.
868 2053 1061 2120 “Exultavit
1077 2054 1143 2118 Cor
1156 2074 1262 2118 meum
1276 2051 1309 2116 in
1325 2050 1496 2119 nominor
1541 2053 1644 2120 Mosis
1661 2057 1769 2130 cami.

285 2176 307 2209 “
321 2190 393 2232 cum
414 2165 574 2252 AEgyptiis
595 2164 772 2234 submersis.
818 2164 922 2230 Exod.
947 2175 1042 2230 15.1.
1088 2165 1293 2230 “Cantemus
1313 2163 1473 2242 Domino:
1499 2164 1636 2254 gloriose
1655 2169 1769 2240 enim.''

286 2287 307 2320 “
322 2277 507 2344 Habaklrulr
531 2276 699 2362 Prophetae
722 2277 843 2342 Oratio.
889 2277 977 2345 Hab.
1002 2288 1032 2343 3.
1050 2287 1077 2341 1.
1124 2277 1293 2342 “Domine
1310 2275 1415 2340 audivi
1437 2277 1628 2344 auditionem
1653 2285 1770 2346 tuam.”

286 2401 307 2434 “
323 2391 424 2454 Mosis
449 2389 615 2454 Canticum
640 2387 736 2474 pauli)
758 2401 831 2453 ante
845 2401 988 2456 mortem.
1033 2390 1165 2455 Deuter.
1194 2397 1291 2455 311.
1338 2389 1490 2453 “Audite
1514 2390 1605 2454 Coeli
1630 2415 1701 2480 quae
1723 2394 1770 2458 lo·

286 2513 307 2545 “
322 2505 431 2590 quor.''
478 2501 644 2565 Canticum
659 2501 753 2565 trium
772 2501 957 2566 Puerorum.
1002 2501 1087 2566 Dan.
1104 2511 1133 2566 3.
1150 2509 1201 2570 57.
1248 2509 1268 2540 “
1281 2499 1462 2565 Benedicite
1476 2505 1582 2566 omnia
1596 2525 1692 2588 opera
1701 2505 1771 2569 Do-

285 2615 399 2680 “mini
421 2613 593 2678 Domin0.''
650 2613 800 2700 Hymnus
829 2615 877 2680 sn
904 2615 1073 2700 Ambrosij.
1120 2613 1202 2677 “Te
1224 2613 1330 2677 Deum
1356 2613 1550 2678 laudamus.''
1605 2617 1771 2685 Canticmn

286 2736 307 2769 “
327 2725 500 2792 Zachariae.
525 2725 604 2790 Luc.
624 2735 651 2790 1.
667 2735 719 2791 61.
766 2725 986 2793 “Benedictus
1008 2726 1167 2791 Dominus
1190 2725 1279 2790 Deus
1295 2725 1422 2788 Israel.’'
1479 2726 1629 2813 Hymnus
1646 2730 1772 2800 Eucha.

285 2847 307 2880 “
321 2839 454 2902 risticus.
510 2837 655 2902 “Gloria
679 2839 713 2900 in
737 2837 896 2902 excelsis.”
952 2838 1117 2902 Canticum
1145 2836 1183 2900 B.
1208 2836 1323 2900 Mariae
1346 2837 1495 2924 Virginis
1551 2838 1630 2906 Luc.
1660 2851 1687 2906 1.
1718 2851 1773 2912 47.

287 2958 308 2991 “
324 2947 512 3036 Magnificat
530 2948 636 3010 anima
656 2969 727 3010 mea
742 2946 947 3010 Dominum.”
994 2945 1157 3031 Symeonis
1181 2945 1357 3008 Canticum.
1402 2945 1528 3016 Luat.
1545 2955 1597 3012 29.
1643 2950 1773 3018 “Nune

286 3060 450 3150 “dimittis
466 3070 694 3126 servumtuum
708 3055 877 3123 Domine.”
924 3057 1108 3144 Symbolum
1125 3056 1176 3123 sti
1198 3055 1360 3140 Athanas'q'
1387 3055 1611 3144 “Quicunque
1630 3061 1697 3125 vult
1711 3064 1772 3126 sal-

287 3161 308 3216 ‘l
323 3172 418 3236 vari.”
464 3169 599 3235 Litania.

290 3259 296 3266 Ι
331 3283 460 3348 Claudit
480 3282 596 3346 librum
613 3283 779 3348 Canticum
796 3283 999 3348 Canticorum
1014 3281 1316 3370 glossatum—cujus
1338 3291 1443 3344 tamen
1460 3281 1579 3366 Capitis
1593 3285 1688 3369 primi
1702 3309 1771 3352 ver-

286 3395 340 3460 sirs
365 3417 477 3459 novem
502 3395 622 3480 priores
648 3395 770 3462 desunt.
823 3395 971 3461 Praesotio
993 3394 1086 3482 hujus
1110 3393 1181 3457 libri
1211 3392 1255 3456 sic
1280 3391 1410 3476 incipit:
1443 3392 1660 3465 “Notandum
1686 3400 1771 3485 quod

288 3515 310 3550 “
326 3509 448 3593 Sponsa
463 3529 586 3592 semper
601 3508 650 3573 vel
665 3508 698 3572 in
712 3508 831 3586 Domo,
847 3508 896 3572 vel
912 3509 944 3572 in
959 3507 1083 3584 lectulo,
1099 3506 1148 3570 vel
1163 3505 1196 3568 in
1211 3505 1316 3590 aliquo
1330 3504 1470 3568 interiori
1484 3505 1555 3571 loco
1570 3531 1642 3574 cum
1656 3533 1773 3597 sponso

287 3628 309 3662 “
323 3642 449 3684 manere
464 3620 685 3705 concupiscit.”
732 3620 846 3706 Implet
860 3620 1111 3710 sesquipaginam
1121 3618 1269 3683 :brevior
1284 3629 1331 3683 est
1345 3640 1440 3704 quam
1454 3617 1488 3682 in
1502 3617 1604 3686 editis.

331 3733 466 3818 Superat
479 3731 531 3796 hic
548 3732 660 3798 Codex
675 3755 774 3798 annos
790 3743 863 3800 500.

198 4001 232 4076 9.
260 3993 409 4068 Palam
428 4017 617 4067 oaossrrr.
691 4058 694 4066 .

332 4140 444 4204 Habet
457 4139 510 4204 hic
526 4140 638 4204 Codex
655 4141 803 4206 Glossam
825 4141 1015 4205 ordinariam
1030 4151 1062 4204 et
1082 4137 1322 4202 interlinearem.
1369 4136 1484 4201 Glossa
1497 4151 1602 4204 antem
1617 4141 1772 4214 111111111-

282 4252 357 4316 vior
371 4263 418 4316 est
439 4251 476 4316 ei
499 4253 618 4338 quoein
632 4252 723 4317 editis
745 4251 832 4320 libris
848 4252 1032 4320 exhibetur:
1068 4250 1151 4326 Qua
1165 4247 1371 4335 quidemnon
1394 4248 1516 4316 videtur
1537 4251 1631 4319 firisse
1646 4278 1686 4321 ex
1708 4283 1773 4326 uno

285 4365 369 4427 libro
384 4363 590 4447 transcripta:
616 4361 672 4426 sed
697 4385 738 4427 ex
757 4364 900 4448 pluribus
915 4363 1054 4428 collecta.
1101 4361 1291 4447 Quanquam
1316 4360 1400 4436 enirn
1420 4383 1528 4428 omnes
1554 4363 1625 4430 libri
1643 4369 1773 4457 glossari

285 4473 386 4538 multa
398 4471 536 4538 habeant
556 4473 744 4551 communia,
764 4474 941 4558 paucissimi
963 4486 1072 4546 tamenv
1089 4493 1146 4556 per
1168 4471 1274 4536 omnia
1293 4471 1376 4535 inter
1398 4491 1432 4536 se
1453 4477 1651 4543 conveniunt.
1696 4481 1772 4558 Qut)

286 4584 470 4648 vetustiores
494 4585 578 4648 enim
593 4597 675 4662 sunt,
700 4608 739 4650 eo
752 4586 916 4670 pauciores
937 4583 1056 4652 habent
1076 4582 1226 4660 Glossas;
1252 4605 1323 4668 quae
1344 4584 1379 4646 in
1400 4587 1624 4658 recentioribus
1638 4593 1772 4659 multum

289 4707 390 4759 auctae
405 4707 496 4758 sunt:
521 4695 613 4759 Adeo
635 4707 671 4758 ut
684 4694 814 4760 fortasse
835 4695 1052 4772 nonmaxima
1066 4715 1139 4779 pars
1162 4693 1358 4773 Glossarum‚
1385 4718 1456 4782 quae
1470 4697 1664 4788 invulgatis
1685 4704 1773 4770 libris

288 4807 446 4896 leguntur,
465 4805 645 4871 Walafrido
662 4808 809 4874 Straboni
826 4807 975 4872 Fuldensi
991 4807 1108 4892 (primo
1122 4828 1229 4872 earum
1244 4806 1420 4890 collectori)
1431 4809 1591 4878 debeatur.

285 5009 290 5016 ι
333 4919 372 4984 11
386 4920 476 4984 initio
490 4919 583 5007 hujus
597 4921 670 4988 libri
684 4921 771 4986 nulla
786 4933 834 4986 est
846 4920 1004 5006 praefatio:
1028 4921 1061 4982 in
1076 4919 1140 4987 fine
1154 4919 1342 5005 adjiciuntur
1357 4926 1406 5006 (ut
1419 4922 1453 4986 in
1467 4922 1549 4988 libro
1563 4928 1771 5011 praecedente,

289 5054 375 5096 num.
392 5034 436 5113 8.)
483 5032 682 5098 Precationes
708 5033 863 5121 quaedam,
887 5045 919 5100 et
935 5032 1059 5120 Hyrruri
1083 5032 1198 5117 partim
1218 5031 1365 5120 glossari:
1390 5033 1454 5099 Sed
1475 5036 1589 5102 anrissa
1613 5053 1686 5105 srmt
1700 5041 1775 5107 folia

289 5143 417 5229 aliquot.

336 5255 478 5339 Scriptus
499 5267 546 5320 est
560 5254 612 5320 hic
635 5255 748 5322 Codex
768 5256 865 5322 literis
887 5255 1041 5336 rotundis,
1064 5255 1145 5328 bene
1166 5253 1323 5332 formatis:
1349 5267 1382 5320 et
1402 5255 1526 5322 videtur
1547 5281 1710 5346 assurgere
1733 5262 1774 5326 ad

287 5390 391 5433 annos
407 5377 479 5434 600.

335 5480 375 5544 11
390 5481 480 5544 initio
494 5493 524 5545 11
538 5480 601 5546 fine
616 5482 688 5547 libri
703 5483 890 5569 adjiciuntur
905 5482 945 5546 ab
959 5479 1019 5548 alia
1035 5502 1131 5554 manu
1146 5479 1256 5564 (literis
1270 5478 1352 5544 male
1374 5477 1560 5556 formatiset
1572 5480 1654 5546 inter
1668 5505 1702 5548 se
1716 5485 1775 5548 im-

286 5591 404 5680 plexis)
428 5593 543 5658 Preces
557 5593 686 5680 aliquot,
711 5599 857 5682 (quarum
879 5593 1036 5678 specimen
1050 5591 1103 5654 bic
1117 5590 1298 5676 apponam.)
1343 5597 1365 5630 “
1377 5588 1601 5658 Benedictione
1622 5597 1774 5680 perpetua

289 5711 314 5745 “
328 5703 492 5768 benedicat
505 5726 564 5767 nos
581 5703 675 5782 Pter
689 5716 833 5769 aeternus.
881 5701 1025 5766 Christus
1039 5711 1190 5786 perpetue
1205 5699 1247 5762 da
1268 5698 1358 5764 nobis
1379 5699 1496 5788 gaudia
1510 5701 1593 5766 Vite.
1639 5703 1774 5790 Spiritrls

288 5824 314 5857 “
332 5815 437 5880 Sancti
450 5816 551 5903 gratia
566 5815 718 5880 illuminet
732 5815 828 5880 corda
849 5825 881 5878 et
902 5835 1035 5898 corpora
1048 5823 1231 5875 nostra—et
1244 5822 1315 5896 post
1330 5821 1349 5877 6
1366 5834 1444 5876 vers.
1490 5812 1530 5876 In
1544 5813 1631 5878 omni
1644 5815 1774 5883 tribula-

288 5935 313 5969 “
328 5927 413 5992 tione
426 5927 534 5992 nostri
549 5949 695 5991 succurre
709 5926 800 5990 nobis
816 5925 916 6012 Virgo
932 5923 1046 6001 Maria,
1070 5925 1147 5988 &c.”
1193 5922 1236 5986 Et
1249 5922 1282 5985 in
1297 5921 1360 5986 fine
1375 5922 1466 5986 libri:
1492 5921 1597 6012 “Ego
1610 5923 1688 6004 dixi,
1704 5927 1774 5991 Do-

287 6049 313 6083 “
327 6041 422 6118 mine,
438 6041 586 6106 miserere
600 6041 672 6118 mei,
688 6062 764 6105 sana
779 6039 915 6103 animam
929 6059 1042 6112 meam,
1059 6037 1133 6124 quia
1146 6035 1273 6122 peccavi
1287 6035 1407 6099 tibi’'-

335 6153 374 6217 ln
388 6154 452 6218 fine
468 6154 562 6218 totius
579 6153 704 6218 Codicis
726 6153 907 6217 inseruntur
930 6151 1086 6244 Exempla
1112 6150 1176 6214 duo
1202 6149 1426 6213 Consentionis
1449 6148 1540 6214 factae
1560 6151 1601 6215 A.
1612 6149 1656 6215 D.
1681 6158 1772 6226 laos,

284 6266 373 6330 inter
388 6265 590 6331 Willelmum
612 6265 805 6351 Episcopum
830 6263 937 6330 Sancti
963 6261 1102 6327 Andreae
1124 6261 1157 6324 in
1180 6261 1294 6339 Sentii,
1322 6273 1353 6326 et
1369 6261 1513 6326 Priorem
1527 6273 1559 6326 et
1575 6261 1773 6326 Conventum
1877 6257 1879 6262 ’

983 6395 1006 6438 o
