4640 7842
4 1011 6 1120 ι

771 970 957 1034 acuetur
982 969 1257 1036 amaturum·
1686 955 1758 1030 w

4 1127 5 1214 3
60 1179 99 1253 B.
117 1176 186 1251 1v,
201 1175 260 1252 26,
388 1168 536 1264 Gregmtj
553 1167 687 1248 sarua,
709 1180 742 1236 et
757 1169 931 1258 Innocentij
948 1170 1051 1251 Bulla
1074 1171 1117 1242 ab
1136 1169 1247 1246 eidem
1267 1188 1364 1244 nunu
1379 1176 1471 1244 eunte
1494 1178 1526 1234 et
1539 1165 1765 1244 umerum

69 1274 186 1325 QUAB'm

429 1283 530 1356 multo
555 1281 731 1370 Imoceutij
752 1295 845 1358 stae
870 1305 938 1352 esse
960 1282 1151 1360 recentium
1187 1279 1273 1358 eat
1296 1291 1369 1356 uate
1389 1300 1508 1356 moun
1536 1289 1624 1354 ttuu
1647 1281 1763 1368 scripta

431 1394 536 1468 fuisse.

354 1529 810 1620 e.1nnocentijt⁸B1dls‚de
834 1531 1004 1620 Privilcgio
1024 1529 1152 1616 speciali
1174 1528 1279 1606 Priori
1303 1548 1454 1602 wnuesso
1473 1529 1573 1604 libet&
1586 1529 1768 1616 dispensare

431 1665 505 1712 cum
528 1643 592 1712 suis
616 1665 710 1728 super
724 1643 940 1718 observatione
957 1643 1152 1716 statutorum
1174 1651 1206 1716 et
1221 1640 1447 1726 Preoeptorum
1470 1663 1533 1726 que
1553 1663 1618 1716 uon
1633 1655 1707 1716 tunt
1727 1643 1768 1707 de

434 1753 614 1823 Substantia
631 1753 764 1842 Regulo,
780 1766 812 1822 et
826 1755 920 1823 etium
934 1753 1033 1824 libert
1048 1753 1209 1826 absolvers
1223 1751 1265 1824 de
1279 1773 1388 1826 etrum
1402 1753 1659 1839 summersione·

1569 1861 1659 1938 rouo
1674 1872 1726 1942 68·

393 1975 445 2046 Sic
464 1975 592 2060 incipit:
617 1973 854 2046 “Innocentius
870 1973 957 2060 E'pus
972 2011 1016 2024 -
1039 1973 1142 2046 Priori
1158 1971 1345 2058 Monasterij
1366 1969 1518 2046 Dunelm.
1533 1971 1717 2057 [bertramo
1731 1973 1772 2050 de

433 2096 455 2131 ‘⁶
471 2086 776 2168 Middleton.]-Ex
790 2100 879 2171 parte
894 2087 947 2152 tusi
962 2085 1021 2150 fuit
1035 2085 1125 2150 nobis
1145 2083 1305 2156 humiliter
1321 2083 1539 2170 supplicatum,
1563 2097 1598 2148 ut
1613 2089 1698 2172 (oum
1713 2086 1771 2148 ob·

433 2206 455 2240 “
469 2197 624 2264 servantia
638 2198 684 2262 tui
704 2198 825 2262 ordinis
840 2197 880 2262 ab
896 2197 962 2282 ipsis
978 2198 1026 2260 sui
1042 2197 1235 2261 institutione
1257 2195 1391 2260 multum
1413 2195 1453 2258 sit
1468 2194 1570 2282 rigida
1584 2209 1616 2258 et
1637 2195 1770 2269 difficilis

433 2317 457 2356 “’
469 2309 511 2374 sd
524 2307 697 2386 ferendum,
713 2307 889 2394 fuerintque
910 2306 1111 2392 postmodmn
1133 2329 1190 2392 per
1212 2306 1309 2370 felicis
1329 2305 1554 2370 recordationis
1579 2305 1771 2394 Gregoriurn

433 2429 455 2464 “
470 2421 590 2507 Papam
608 2419 864 2486 Predecessorem
879 2431 1031 2498 nostrum,
1055 2431 1086 2485 et
1100 2419 1253 2506 quosdam
1276 2419 1364 2497 ailoe,
1388 2431 1451 2481 tam
1470 2419 1654 2482 auctoritate
1679 2417 1771 2483 Sedis

434 2539 457 2574 ‘⁸
470 2532 662 2617 apostolice,
686 2529 781 2618 qudm
810 2530 1004 2620 Legatorum
1025 2531 1121 2626 ipsius
1141 2529 1343 2614 superaddita
1368 2531 1491 2594 Statuta
1512 2529 1630 2618 gravia,
1654 2541 1685 2592 et
1699 2550 1772 2613 pre-

439 2651 461 2685 “
474 2655 623 2729 precepta
637 2643 831 2708 diversarum
844 2665 998 2728 penarum
1014 2643 1186 2728 adjectione
1201 2641 1327 2723 vallata)
1343 2663 1382 2704 ne
1398 2641 1622 2726 contingat’'-

353 2753 392 2820 In
414 2753 497 2818 fine:
523 2755 631 2820 “Dat
651 2753 799 2818 Lateran.
823 2755 916 2818 tertio
943 2754 1078 2819 Kalend.
1107 2753 1227 2838 Martij,
1255 2753 1349 2832 [Feb.
1366 2759 1424 2833 ι27]
1449 2749 1653 2818 pontificatus
1676 2751 1775 2816 nostri

366 2911 375 2928 .
398 2873 420 2908 ‘⁴
434 2887 517 2928 anno
531 2864 707 2942 undecimo,
724 2865 779 2928 sed
795 2866 848 2928 A⁰.
866 2865 936 2930 Gr².
953 2887 1049 2930 arcer..
1073 2867 1186 2944 [Anno
1202 2865 1323 2928 Gratiae
1342 2868 1451 2942 lesu]

255 3047 261 3070 ⁸
354 2977 511 3064 Adjicitur
524 2977 565 3041 ab
579 2976 639 3041 alle
654 2996 760 3054 manu,
776 2975 832 3040 sed
847 2976 985 3061 ejusdem
1009 2982 1057 3060 (ut
1072 2975 1207 3056 videtur)
1223 2973 1332 3052 eretis,
1348 2972 1417 3036 heec
1432 2983 1523 3036 nota:
1549 2972 1624 3036 “Et
1639 2973 1693 3051 sic,
1710 2973 1776 3038 dle·

395 3097 417 3135 “
431 3101 499 3153 tum
516 3087 719 3176 Privilegiunr
740 3086 920 3153 extenditur
942 3087 983 3152 ad
1007 3086 1252 3152 constitutiones
1275 3084 1399 3162 Otouis,
1424 3085 1477 3170 qui
1494 3084 1632 3171 Legatos
1654 3097 1721 3148 erat
1743 3085 1776 3147 in

394 3207 416 3242 ‘⁶
431 3198 548 3288 Anglit
571 3199 654 3265 circa
680 3200 810 3264 Annum
834 3199 944 3264 Gratie
962 3206 1064 3263 1240:
1090 3198 1154 3262 Sed
1175 3221 1239 3262 non
1262 3198 1441 3262 extenditur
1463 3198 1504 3262 ad
1528 3197 1774 3262 constitutiones

395 3317 417 3356 “
433 3310 584 3390 Otoboni,
608 3333 669 3397 que
683 3310 766 3375 edite
781 3322 853 3375 sunt
868 3310 951 3374 circa
966 3309 1029 3374 An.
1046 3309 1122 3374 Gra.
1147 3317 1247 3374 1266:
1271 3321 1303 3373 et
1317 3308 1353 3374 ed
1369 3309 1489 3373 ratione
1515 3309 1715 3394 impetratum
1730 3321 1778 3375 est

398 3431 419 3466 ‘⁸
433 3445 490 3508 per
504 3423 555 3488 Jo.
573 3421 631 3486 W.
647 3421 890 3510 [Wessington]
907 3421 1050 3486 Priorem
1067 3419 1270 3520 Privilegium
1286 3419 1454 3508 Eugenlj.”

355 3581 418 3649 Sed
432 3603 473 3647 an
486 3582 556 3648 hec
573 3579 667 3646 Bulla
680 3583 817 3670 genuina
831 3582 871 3646 sit
885 3581 1015 3648 dubito:
1038 3581 1113 3672 quia

356 3703 384 3760 l.
408 3695 491 3759 Cum
505 3693 589 3758 idem
606 3693 703 3778 Papa,
726 3714 809 3756 anno
830 3692 1038 3778 praecedente,
1064 3692 1222 3782 Episcopo
1238 3691 1446 3766 Dunelmepsi
1467 3690 1655 3770 attendisset,
1679 3705 1714 3768 ut
1729 3691 1778 3758 in-

398 3805 545 3891 quireret,
563 3826 712 3868 verumne
726 3815 809 3868 esset
822 3803 907 3892 quod
921 3803 1093 3882 audiverat,
1111 3803 1259 3892 Gregorii
1275 3803 1318 3868 9¹²²
1334 3804 1457 3878 Statuta
1471 3805 1726 3882 nonobservar13
1749 3819 1781 3870 et

397 3915 522 3994 faceret,
549 3926 584 3980 ut
609 3915 650 3980 ab
675 3915 820 3979 omnibus
840 3893 1013 3980 ¹Monachis
1034 3914 1212 4005 diligentius
1235 3915 1450 4012 inposterum
1472 3928 1690 3980 servarentur:
1713 3940 1780 3994 non,

400 4027 567 4091 verisimile
592 4025 725 4105 videtur,
750 4049 832 4104 eum,
860 4025 948 4091 brevi
969 4025 1049 4091 adeo
1070 4037 1142 4111 post
1161 4037 1312 4120 tempore,
1339 4025 1487 4096 mandata
1512 4049 1578 4106 sua,
1603 4029 1781 4094 inconsulto

401 4137 571 4224 Episcopo,
595 4138 828 4226 quodammodo
842 4139 1022 4217 rescidisse3
1045 4151 1100 4203 aut
1113 4138 1232 4203 nullam
1247 4139 1417 4216 literarum,
1441 4161 1518 4229 quas
1540 4139 1582 4204 ed
1596 4162 1668 4204 eum
1684 4141 1782 4226 scrip-

401 4261 494 4328 serat,
521 4251 712 4313 mentionem
734 4249 851 4313 fecisse.
896 4249 953 4313 Ait
967 4247 1094 4335 quidem
1115 4248 1149 4311 in
1170 4247 1230 4314 heic
1258 4246 1362 4326 Bulbi,
1388 4247 1495 4312 “Non
1516 4249 1711 4314 obstantibus
1725 4251 1782 4315 ali-

403 4360 552 4446 “quibus
578 4360 675 4424 literis
691 4359 872 4424 Venerabili
896 4359 999 4424 Fratri
1022 4369 1131 4424 nostro
1156 4358 1305 4425 Cantuar.
1329 4359 1500 4455 Archiepo,
1526 4385 1581 4430 seu
1606 4363 1782 4451 cuicunque

402 4479 424 4513 “
438 4471 489 4556 alij
513 4471 553 4535 eb
569 4470 752 4557 Apostolicd
773 4469 848 4536 sede
870 4470 928 4535 sub
951 4493 1139 4558 quocunque
1160 4483 1269 4537 tenore
1291 4470 1545 4542 directis’'-Sed
1559 4473 1720 4542 literarum
1741 4473 1782 4540 ad

401 4583 595 4674 Episcopum
617 4584 865 4650 Dunelmensem
886 4585 982 4672 paulo
1007 4599 1079 4650 ante
1103 4585 1143 4648 de
1158 4583 1268 4650 eidem
1294 4609 1328 4650 re
1351 4587 1551 4672 scriptarum,
1577 4589 1610 4657 in
1627 4589 1719 4668 Bulbi
1742 4589 1782 4656 ad

400 4693 544 4760 Priorem
559 4694 808 4760 Dunelmensem
822 4695 925 4774 missa,
942 4694 1107 4780 peculiaris
1121 4693 1231 4760 haberi
1245 4696 1324 4760 ratio
1339 4696 1457 4762 debuit.

356 4836 387 4894 2.
410 4829 644 4918 Indulgentiam
668 4829 750 4894 hane
773 4829 806 4893 in
830 4829 923 4896 causti
943 4853 1014 4918 quae
1037 4829 1206 4896 Monachis
1228 4831 1373 4898 omnibus
1395 4832 1569 4898 communis
1590 4846 1667 4915 erat,
1694 4834 1782 4922 Papa

398 4962 464 5008 non
478 4941 602 5007 videtur
623 4962 827 5006 concessurus
849 4941 942 5008 fuisse
957 4942 1225 5008 Dunelmensibus
1247 4943 1330 5011 solis.
1376 4943 1411 5012 si
1432 4965 1507 5008 vero
1528 4943 1660 5024 dicatur,
1687 4945 1782 5012 fuisse

400 5075 470 5118 eam
486 5053 719 5142 Indulgentianr
732 5054 922 5142 generalem,
939 5055 1095 5141 Exempla
1108 5077 1183 5122 vero
1197 5057 1264 5142 ejus
1278 5054 1320 5120 ad
1334 5055 1478 5120 universa
1493 5067 1525 5120 et
1539 5056 1662 5144 singula
1678 5056 1781 5129 Bene-

404 5163 593 5230 dictinornm
622 5164 777 5231 Coenobia
797 5165 978 5234 transmissa
998 5167 1112 5245 fuisse3
1135 5169 1190 5234 vix
1212 5168 1335 5236 videtur
1355 5167 1528 5254 probabile
1551 5167 1657 5232 omnia
1678 5167 1782 5244 Bene·

402 5272 512 5339 dietini
527 5273 645 5339 ordinis
661 5279 731 5360 (per
746 5288 844 5342 totam
860 5277 1035 5363 Europam)
1059 5277 1264 5356 Monesteris,
1283 5277 1367 5350 edite
1384 5277 1557 5364 Innocentij
1575 5277 1668 5352 Bure
1682 5278 1781 5364 priori

403 5388 627 5469 (ann01258,)
653 5387 732 5452 adeo
754 5389 858 5452 statim
879 5387 974 5454 fuisse
999 5405 1164 5468 commota,
1190 5401 1226 5460 ut
1246 5412 1311 5464 uno
1333 5391 1422 5478 quasi
1443 5391 1562 5476 impetu
1577 5390 1725 5480 facerent,
1746 5389 1781 5454 id

400 5497 487 5584 quod
509 5497 739 5568 Dunelmenses
756 5499 983 5568 Monachi'hic
1008 5501 1117 5568 fecisse
1142 5501 1308 5569 dicuutur:
1332 5481 1525 5590 (quanquam
1547 5500 1581 5568 id
1602 5499 1718 5576 fectum
1738 5501 1779 5565 ab

401 5608 439 5674 iis
453 5631 518 5678 non
533 5609 675 5704 legimus,
691 5634 764 5679 cum
779 5611 954 5700 Gregorius
968 5635 1070 5686 nonus
1087 5614 1209 5681 Statura
1223 5634 1289 5690 sua,
1305 5611 1417 5682 herum
1429 5612 1626 5699 querelarum
1642 5634 1777 5692 cautam,

401 5741 466 5783 non
482 5719 581 5786 multo
602 5735 673 5789 ante
695 5722 924 5812 promulgasset
934 5725 957 5806 ε)
980 5722 1096 5794 scilicet
1111 5735 1146 5792 ut
1162 5723 1258 5813 Ptpae
1280 5723 1391 5798 eodem
1413 5713 1781 5814 temporeisuppliwfflt

405 5832 507 5923 (quasi
522 5834 755 5906 communicatis
777 5834 858 5908 inter
879 5857 912 5906 se
934 5834 1083 5918 consiliis)
1106 5835 1145 5908 de
1161 5835 1356 5910 statutorum
1371 5835 1474 5924 rigore
1489 5835 1669 5910 relaxanda
1715 5833 1781 5900 ΝΘ·

322 5965 332 5980 .
405 5964 467 6032 que
481 5944 580 6042 magis
594 5945 759 6018 verisimile
774 5958 830 6026 est,
848 5946 978 6024 Curium
995 5947 1181 6028 Romamne,
1204 5947 1251 6034 (ip
1264 5947 1327 6040 qul
1341 5947 1467 6040 negotia
1480 5947 1640 6039 pleraque,
1655 5947 1780 6034 majoris

974 6064 1034 6122 21<
