4640 7842
370 899 377 911 '
514 899 586 972 288
1025 916 1182 970 comens
1207 917 1464 970 nsnuscarrrr

274 1111 317 1186 B.
336 1109 406 1188 IV.
418 1121 479 1192 82.
608 1116 711 1184 Indici
725 1115 931 1202 subjiciuntur
945 1116 1085 1182 omnium
1102 1116 1321 1202 Capitulorum
1338 1117 1487 1181 Exordia.

277 1207 399 1258 ‘mm
562 1239 585 1279 “
599 1231 639 1297 In
655 1229 824 1317 Augustini
842 1229 1009 1294 Semnones
1023 1229 1064 1294 de
1080 1231 1233 1296 Sermone
1247 1231 1389 1296 Domini.

562 1351 584 1384 “
600 1341 639 1407 In
656 1339 815 1406 Homilias
830 1340 979 1404 Auctoris
994 1342 1152 1426 anonymi.

562 1461 584 1496 ‘⁶
598 1451 725 1518 Tabula
738 1473 833 1538 super
847 1452 967 1518 naturis
982 1453 1186 1530 Animalium
1202 1463 1235 1518 et
1247 1451 1379 1520 aliartrm
1393 1473 1508 1520 rerum.

605 1563 744 1627 Nomina
757 1562 955 1648 alphabetico
969 1563 1080 1628 ordine
1094 1563 1244 1649 disposita
1259 1577 1342 1630 sunt.

565 1683 587 1718 “
602 1674 728 1740 Tabula
741 1673 938 1760 alphabetico
951 1675 984 1738 in
1001 1673 1161 1740 Homilias
1176 1675 1325 1741 Auctoris
1339 1677 1497 1762 anonymi.

564 1785 726 1851 “Tabula
740 1787 773 1850 in
787 1809 867 1872 opus
883 1786 1098 1872 imperfectum
1115 1787 1331 1874 Chrysostomi
1348 1810 1442 1874 super
1458 1785 1658 1853 Mattbaeum.

563 1897 692 1964 Harum
706 1897 905 1964 Tabularum
925 1898 1080 1984 scriptura
1093 1897 1233 1984 ejusdem
1258 1899 1359 1966 aetatis
1380 1899 1503 1964 videtur
1524 1921 1597 1964 cum
1619 1898 1832 1986 superioribus
1846 1903 1988 1968 tractati·

606 2011 678 2076 bus.

417 2353 478 2422 88.
506 2347 676 2421 Puerum
694 2344 835 2420 Ocuur.

548 2521 601 2584 Sic
615 2519 744 2604 incipit:
768 2517 955 2582 “Humane
969 2514 1109 2580 conditio
1122 2527 1244 2595 natiue,
1262 2515 1330 2601 jam
1351 2529 1530 2584 senescente
1553 2515 1691 2596 Mundo,
1714 2515 1849 2583 decursu
1864 2527 1985 2604 tempo-

505 2639 527 2674 “
541 2651 612 2694 rum
626 2628 775 2694 continue
789 2649 921 2716 vergens
937 2629 969 2691 in
984 2627 1186 2694 deterius’'-

548 2741 676 2805 Titulus
691 2741 743 2804 bic
757 2741 790 2804 in
805 2740 894 2805 initio
908 2739 980 2805 libri
995 2753 1043 2806 est
1056 2763 1076 2806 a
1089 2761 1186 2806 manu
1201 2739 1355 2806 secundi:
1378 2741 1433 2808 sed
1449 2765 1468 2806 a
1481 2743 1584 2828 prima
1598 2763 1694 2808 manu
1709 2741 1742 2806 in
1756 2741 1820 2806 fine
1834 2741 1906 2806 libri
1924 2742 1988 2820 1¹²¹,

505 2864 538 2919 et
551 2853 748 2940 sequentium
763 2853 978 2918 subscribitur.

551 2965 719 3050 Scriptoris
734 2986 849 3030 nomen
864 2985 929 3028 non
943 2964 1136 3053 praefigitur:
1160 2964 1216 3030 sed
1230 2987 1271 3030 ex
1287 2965 1394 3032 Pitseo
1408 2979 1440 3031 et
1455 2966 1638 3032 Whartono
1652 2965 1807 3032 ioannem
1823 2965 1863 3030 de
1880 2965 1990 3053 Burgo

506 3075 572 3162 ejus
588 3077 761 3141 Auctorem
782 3075 877 3140 luisse
891 3075 1049 3140 discimus.
1103 3076 1157 3141 De
1178 3099 1217 3141 eo
1238 3078 1283 3142 sic
1305 3077 1412 3143 scribit
1436 3079 1586 3144 Pitsaeus:
1612 3087 1633 3120 “
1647 3079 1786 3144 Joannes
1804 3077 1985 3165 Burgensis‚

507 3193 530 3228 ‘⁶
544 3187 619 3264 sive,
635 3188 676 3252 de
693 3187 812 3272 Burgo‚
830 3186 981 3250 Ecclesia:
997 3186 1282 3274 Collinghamensis
1296 3190 1329 3252 in
1346 3189 1505 3254 Comitatu
1522 3189 1797 3276 Nottinghamensi
1814 3187 1941 3265 Rector,
1958 3199 1990 3251 et

508 3303 530 3338 “
546 3296 727 3360 Academias
751 3296 1018 3383 cantabrigiensis
1041 3297 1265 3376 Cancellarius,
1288 3299 1421 3383 scripsit,
1448 3299 1488 3363 de
1504 3299 1723 3377 Sacramentis,
1746 3313 1778 3364 et
1805 3301 1990 3364 Sacramen-

509 3409 531 3444 “
544 3401 669 3480 talibus
691 3402 812 3490 grande
828 3403 996 3482 Vol'umen,
1019 3405 1106 3490 quod
1125 3405 1294 3471 intitulavit
1317 3407 1474 3492 Pupillam
1490 3407 1596 3486 Oculi,
1621 3407 1735 3472 Libros
1753 3417 1811 3472 10:
1836 3406 1991 3472 Humane

509 3522 531 3556 ‘⁶
547 3513 696 3578 Conditio
710 3515 976 3580 nature''-Obiit
989 3537 1074 3580 anno
1092 3526 1186 3582 1886.

551 3624 634 3689 Vide
648 3625 741 3690 etiam
758 3627 986 3706 Wbartonum,
1002 3627 1035 3690 in
1051 3629 1236 3713 Appendice
1251 3629 1293 3694 ad
1309 3629 1459 3708 caveum,
1475 3630 1517 3693 ad
1531 3651 1648 3694 annum
1667 3637 1759 3695 1885.

551 3735 693 3822 Scriptus
715 3750 762 3802 est
782 3737 834 3802 hie
859 3737 971 3802 Codex
993 3739 1083 3802 lineis
1106 3739 1298 3816 dimidiatis;
1321 3740 1418 3807 literis
1439 3741 1623 3820 minoribus,
1646 3739 1840 3818 acuminatis,
1864 3761 1928 3803 non
1944 3739 1992 3804 in·

509 3847 723 3936 elegantibus:
745 3869 811 3914 non
825 3849 925 3914 multo
939 3861 1148 3935 postestatem
1165 3851 1323 3916 Auctoris.

425 4209 484 4276 34.
512 4201 733 4278 Monacnus
750 4204 972 4282 Fanususrs.
1025 4207 1249 4284 Urnuanus.

513 4381 541 4436 1.
565 4371 833 4440 Msmmrrouss
848 4397 1027 4444 cuiusnam
1043 4377 1214 4446 Mortem
1229 4401 1321 4446 aruo
1337 4379 1435 4447 Faus
1451 4401 1563 4448 amun
1578 4401 1749 4466 gunnoris
1765 4401 1948 4449 sommam.

611 4509 693 4574 Sunt
709 4510 838 4596 Septem
851 4533 1004 4578 numero:

571 4628 612 4684 1¹.
628 4620 682 4684 Ad
699 4619 905 4688 crucifixum.

613 4732 666 4796 Sic
681 4732 809 4818 incipit:
835 4745 856 4776 “
867 4735 998 4824 Loquer
1011 4739 1052 4803 ad
1068 4739 1242 4806 Dominum
1258 4763 1363 4807 meum
1378 4764 1451 4808 cum
1465 4740 1524 4808 sim
1537 4741 1673 4829 pulvis.’''

615 4841 726 4908 Habet
741 4845 855 4930 Capita
873 4857 943 4913 104.

567 4987 609 5044 2¹.
626 4979 679 5044 Ad
694 4981 818 5048 110010οι
832 4983 897 5048 Dei
913 4983 1107 5052 Genitn'cem
1124 4986 1271 5054 Mariam.

613 5090 666 5155 Sic
680 5091 808 5178 incipit:
835 5096 986 5162 “Dicam
1000 5098 1033 5162 in
1049 5099 1173 5164 silentio
1189 5100 1334 5166 Anime.”

613 5200 695 5266 Sunt
711 5202 825 5290 Capita
840 5217 873 5272 9.

568 5336 617 5401 3¹¹.
635 5336 687 5401 Ad
704 5339 856 5428 Angelos.
1825 5344 1880 5410 101.
1896 5353 1947 5410 49.

613 5446 667 5512 Sic
681 5447 807 5536 incipit:
833 5451 973 5530 “Quam
987 5477 1103 5544 magua
1117 5455 1285 5522 multitudo
1299 5457 1474 5524 dulcedinis
1489 5469 1552 5537 tue,
1568 5457 1710 5524 Domine
1721 5454 1755 5522 ?”

612 5558 796 5646 Alloquitur
811 5564 970 5652 Angelum
992 5569 1167 5654 proprium,
1190 5569 1333 5649 1011058,
1357 5571 1419 5636 sic:
1444 5571 1530 5638 “Ex
1544 5591 1680 5660 quorum
1694 5566 1873 5635 venerando
1889 5563 1997 5631 Colle·

657 5672 747 5759 “gio
762 5695 859 5740 unum
874 5677 969 5742 michi
984 5679 1200 5766 deputatum.''

570 5807 622 5866 4²².
639 5803 692 5867 Ad
709 5808 871 5876 Abraham
886 5825 918 5878 et
932 5813 1049 5879 David.
1402 5806 1408 5822 ‘
1806 5811 1952 5878 1011055.

618 5913 670 5978 Sic
685 5917 810 6005 incipit:
836 5932 857 5967 “
869 5925 1106 5994 Venerabilium
1123 5929 1254 5995 Petrum
1268 5930 1408 5996 meritur
2025 5937 2026 5942 ’
