4640 7842
60 1363 103 1437 Β.
120 1363 196 1440 IV.

68 1462 200 1512 Quum

809 991 996 1047 ECCLESIAE
1021 991 1296 1050 nuuntmsusrs.

218 1371 275 1440 11.
304 1363 523 1453 ΟΔεεΙΑΝυε,
543 1363 625 1440 Ivo.
678 1363 893 1467 [Tractatds
910 1369 1020 1466 tres]

303 1552 331 1607 1.
356 1543 500 1608 lineum
514 1542 687 1608 Jouuuurs
704 1543 876 1623 Cussmm,
899 1565 998 1629 puin
1021 1543 1170 1610 Clsronr
1195 1544 1287 1609 Pium
1310 1563 1349 1609 ru
1372 1565 1524 1612 novumn
1547 1547 1779 1618 Mormsrnuro

402 1675 626 1722 couscnrrsrr.

356 1769 512 1856 Prologus
527 1769 571 1833 sic
586 1769 713 1854 incipit:
738 1777 760 1811 ‘⁶
771 1769 895 1834 Veteris
911 1769 1116 1836 Instrumenti
1130 1783 1237 1835 narret
1254 1771 1462 1836 Hismris”-

400 1881 442 1944 ln
455 1879 518 1944 fine
532 1881 604 1944 libri
620 1881 721 1945 ultimi
736 1882 898 1968 subjicitur

356 1991 551 2081 Augustinus
566 1991 606 2056 de
621 2015 716 2078 opere
733 1992 986 2057 Monachorum:
1009 1993 1058 2058 vel
1073 1992 1187 2079 potiris,
1212 1993 1372 2080 Excerpts
1386 1995 1531 2082 quiedam
1545 2020 1586 2062 ex
1600 2000 1660 2064 isto
1675 2001 1777 2066 libro:

398 2115 471 2168 sunt
485 2104 569 2166 enim
584 2115 647 2168 tres
663 2103 784 2168 tantdm
799 2106 933 2192 paginae.

357 2214 409 2278 Sic
425 2215 578 2304 incipiunt
593 2240 600 2279 :
625 2215 812 2280 “Novimus
829 2215 1007 2282 Monachos
1020 2217 1053 2280 in
1068 2217 1226 2304 quandam
1241 2229 1380 2282 sanctam
1394 2219 1572 2284 societatem
1587 2223 1778 2290 ociosissime

400 2335 420 2368 “
435 2329 703 2414 congregatos”-

354 2463 496 2548 Scriptus
517 2474 564 2526 est
585 2463 664 2528 liber
686 2463 776 2528 lineis
798 2465 947 2554 integris3
975 2465 1073 2530 literis
1095 2465 1315 2543 mediocribus,
1342 2466 1453 2530 leniter
1475 2469 1679 2548 acuminatis5
1702 2483 1775 2536 ante

395 2597 494 2640 anuos
509 2576 632 2640 circiter
647 2577 845 2664 quingentos.

352 2711 391 2774 Iu
406 2711 469 2774 line
484 2711 724 2799 subjunguntur,
741 2713 781 2776 ab
797 2713 856 2778 ulii
872 2733 984 2792 manu:
1003 2712 1100 2776 literis
1115 2711 1294 2797 majoribus,
1310 2723 1342 2774 at
1356 2714 1496 2797 ejusdem
1510 2715 1626 2778 oetatis:

299 2852 329 2908 2.
356 2845 508 2910 Norumn
524 2867 675 2929 Qumnrn
692 2868 735 2911 nr:
753 2847 924 2912 Eccunsrm
940 2848 1176 2924 quuurmrr,
1194 2849 1223 2911 8:
1240 2868 1327 2911 mus
1343 2849 1481 2928 [rebus]

351 2955 477 3020 Titulus
492 2957 596 3020 nullus
611 2958 805 3044 praefigitur:
828 2959 883 3022 sed
900 2961 942 3022 ita
957 2971 1107 3022 vocantur
1123 2960 1156 3020 in
1173 2959 1317 3022 Indiculo
1332 2971 1518 3023 tractatuum
1541 2963 1571 3023 in
1589 2961 1676 3026 initio
1692 2963 1773 3028 libri.

351 3065 404 3129 Sic
418 3066 590 3151 incipiunt:
616 3076 637 3109 ‘⁴
653 3068 790 3133 Sinodus
814 3068 977 3132 Romanus
1000 3074 1053 3148 [u]
1074 3065 1158 3132 dicet
1179 3067 1219 3131 dc
1241 3069 1404 3148 omicidiis‚
1428 3081 1459 3132 et
1480 3071 1629 3136 adulteris
1651 3089 1682 3136 ct
1696 3073 1772 3138 furi-

395 3185 416 3218 “
430 3178 554 3242 bus''-

352 3289 432 3354 Sunt
446 3288 520 3353 folia
534 3291 603 3353 tric.

293 3433 322 3488 3.
346 3423 462 3490 Ivours
480 3426 719 3489 Cunuorrusrs
737 3424 916 3488 Curionum
933 3422 1138 3488 Pnoururmu.

349 3535 401 3600 Sic
416 3537 541 3622 incipit:
567 3545 589 3578 ‘⁶
604 3536 893 3601 Ecclesiasticarum
915 3537 1095 3624 regularum
1116 3538 1231 3622 partim
1253 3537 1405 3623 exemplis
1422 3537 1637 3604 Romanorum
1656 3539 1766 3604 Ponti·

393 3657 414 3688 “
428 3648 588 3712 ficum''-

350 3761 430 3825 Sunt
444 3761 518 3824 folia
534 3768 563 3828 7.

348 3870 387 3934 ln
402 3869 503 3933 fronte
517 3869 599 3948 libri,
617 3891 746 3934 arnanu
760 3870 904 3958 antiqua:
930 3869 1025 3934 “Lib
1043 3870 1096 3936 sci
1113 3869 1243 3936 Cuthbti
1259 3871 1289 3936 d.
1306 3871 1478 3938 Dunelms’

349 3982 401 4046 Ab
416 3981 475 4046 alit
491 4003 606 4045 manu:
631 3990 652 4023 ‘⁶
665 4005 682 4044 e
697 3982 746 4045 cdi
760 3982 857 4046 libra'r‘
872 3981 1027 4082 Mouchop
1043 3983 1216 4048 Dunelfii.”

206 4327 263 4392 12.
290 4319 505 4394 Fusci-:uris
522 4343 570 4392 nr
587 4341 759 4392 Amorum
777 4317 984 4392 Oruscum
1002 4324 1063 4391 21.

291 4475 318 4530 1.
343 4467 539 4533 Futurum:
556 4467 724 4532 Errsrom
739 4489 783 4531 Au
799 4466 979 4531 Douiruu
995 4465 1051 4546 [de
1068 4464 1175 4545 Fide]

347 4579 398 4642 Sic
413 4579 540 4662 incipit:
566 4577 740 4642 “Multum
755 4577 908 4642 benedico
923 4577 1108 4653 Dominum,
1125 4574 1322 4640 dilectissime
1337 4574 1447 4638 fili’'-

304 4693 309 4706 ’
346 4688 478 4776 Legitur
492 4690 573 4752 inter
588 4691 655 4774 ejus
670 4711 775 4773 opera.

290 4829 319 4887 2.
343 4825 539 4888 Aucusrmr
556 4823 669 4888 errn
685 4845 729 4887 su
746 4823 894 4888 Pur-num
910 4821 1101 4886 Drncouun
1117 4841 1160 4885 nu
1178 4821 1264 4886 Frui:
1282 4821 1351 4886 S'ce
1363 4821 1560 4886 Trinititetis.
1596 4822 1686 4886 Folio
1696 4832 1727 4890 6.

346 4936 398 5000 Sic
412 4936 540 5020 incipit:
565 4942 587 4976 ‘⁶
603 4934 788 5019 Epistulam,
803 4933 849 4998 fili
866 4934 969 5011 Petre,
986 4945 1039 4998 tue
1054 4933 1190 4997 caritatis
1205 4933 1376 5017 accepi”-

345 5049 412 5112 Hic
426 5049 506 5112 liber
521 5059 568 5112 est
582 5069 690 5111 revera
707 5046 874 5135 Fulgentij‚
890 5047 972 5110 inter
987 5047 1074 5132 cujus
1089 5047 1182 5110 ctiam
1197 5047 1314 5130 scripta
1327 5043 1429 5110 editus
1444 5057 1509 5108 est

344 5158 426 5224 Vide
442 5158 663 5224 Praefationem
678 5158 710 5221 in
725 5157 861 5222 eundern
876 5157 909 5220 in
932 5155 1118 5243 Appendice
1134 5156 1230 5221 Tomi
1245 5155 1283 5222 δῖ’
1299 5177 1430 5242 operum
1446 5155 1626 5244 Augustini,
1642 5155 1675 5219 in
1692 5155 1770 5220 Edi-

386 5271 471 5333 tionc
487 5269 691 5334 Benedictint
706 5269 820 5358 pagini
837 5279 910 5336 498.

287 5415 317 5471 8.
341 5404 525 5471 Guuuumr
541 5405 748 5470 Docurruu
765 5406 1103 5471 Ecccnsrmrrconurr
1119 5425 1231 5470 uinus.
1598 5400 1653 5468 sol.
1669 5411 1721 5468 22.
1733 5403 1765 5467 b.

344 5515 397 5582 Sic
411 5515 536 5602 incipit:
563 5525 584 5559 ‘⁴
600 5517 766 5583 Credimus
781 5540 880 5582 unum
895 5540 962 5582 esse
977 5517 1094 5595 Deum,
1112 5516 1249 5594 Patrem,
1265 5527 1297 5580 et
1312 5514 1438 5594 Filium,
1454 5527 1486 5579 et
1502 5515 1653 5602 Spiritum
1670 5517 1768 5582 Sanc-

389 5637 410 5668 “
424 5629 556 5691 tum''-

346 5739 438 5823 Saepe
453 5738 554 5822 editus
569 5751 616 5802 est
629 5738 681 5802 hic
695 5739 785 5804 liber.

286 5886 315 5940 4.
340 5874 449 5939 err
465 5877 661 5941 Aucusrrur
679 5875 752 5940 Er'r
771 5875 967 5941 Snursurm
983 5895 1026 5938 nu
1045 5874 1269 5940 Prurrsurm.
1605 5872 1657 5937 fol.
1674 5879 1726 5942 27.
1737 5873 1772 5938 b.

251 6065 257 6072 Ι
345 5987 396 6051 Sic
412 5987 536 6072 incipit:
562 5987 701 6064 “Quam
717 5987 756 6052 sit
771 5987 854 6052 utilis
869 5997 901 6050 et
915 5987 1088 6052 necessaria
1105 5985 1280 6052 Penitentie
1294 5983 1478 6051 medidus-’³
1498 6051 1500 6058 ,
