4650 7852
486 1132 559 1212 198
1032 1145 1191 1204 coprem
1215 1141 1472 1204 uumscnnrr

283 1353 477 1440 B.11.29.
559 1345 1416 1439 mnnmroermrnepmsugunn
1461 1345 1989 1424 messanensem

298 1451 390 1496 '⁰²¹⁰
607 1461 849 1552 esseAmbrosij
865 1461 1024 1550 Autperti.

483 1633 535 1695 19.
558 1623 776 1702 Qussrmnss
791 1631 833 1690 65
849 1623 989 1704 ansu,
1012 1643 1056 1688 rr
1068 1641 1223 1690 consen
1241 1621 1500 1690 Rssronsronss
1522 1643 1623 1690 enarr
1648 1617 1837 1712 Auo⁵[tini]
1852 1628 1991 1698 Vsnsn·

608 1755 719 1802 tersis
735 1733 905 1801 Errscorr.
1786 1739 1856 1806 F0L
1872 1749 1946 1808 402.

566 1848 620 1916 Rc
633 1846 805 1933 lnoipiunt:
830 1855 852 1890 ‘⁶
867 1845 958 1912 Licet
978 1844 1069 1910 multi
1090 1855 1122 1912 et
1142 1845 1353 1931 probatissimi
1375 1845 1435 1910 viri
1455 1843 1581 1912 diuerso
1600 1848 1729 1936 quidem
1750 1850 1833 1931 stilo,
1855 1851 1912 1918 sed
1924 1873 1991 1919 non

608 1967 631 2004 ‘⁶
645 1957 768 2026 dlvmd
781 1957 909 2024 fide„-

565 2071 641 2138 Non
662 2070 788 2136 invenio
809 2070 891 2134 inter
913 2067 1084 2157 Augustini
1105 2089 1212 2153 opera.
1258 2067 1383 2134 Caulius
1403 2067 1458 2148 eit,
1479 2089 1522 2142 ex
1546 2070 1640 2136 ruiis
1662 2073 1834 2162 Augustini
1857 2076 1990 2163 scn'pfis

606 2183 692 2248 hune
705 2183 823 2248 librum
837 2181 1002 2246 collectum
1016 2203 1094 2246 esse.

566 2295 805 2362 Praemittuntur
820 2292 1042 2370 Quaestionum
1057 2289 1215 2376 Capitula.

569 2409 651 2474 Sunt
664 2406 737 2474 lolia
752 2410 804 2492 ⁸l·
849 2403 932 2472 Vide
947 2404 988 2478 Α.
1004 2403 1045 2470 iv.
1063 2409 1114 2472 17.
1130 2415 1219 2470 tract
1235 2409 1267 2470 2.

566 2521 709 2605 Scriptus
723 2517 837 2592 atthis
853 2517 965 2587 Codex
982 2515 1075 2592 lineis
1089 2515 1216 2592 divisim
1231 2513 1328 2588 literis
1343 2513 1565 2596 mediocribus,
1580 2518 1680 2590 acutis
1695 2523 1786 2607 (quas
1802 2521 1991 2591 8901991191

533 2633 537 2640 ’
608 2633 755 2712 uocant3)
770 2629 892 2694 circiter
906 2650 1024 2693 annum
1042 2637 1136 2694 1400.

567 2742 605 2807 In
621 2743 729 2806 initio:
754 2750 776 2784 “
791 2741 856 2806 Iste
870 2741 949 2806 liber
962 2740 1141 2828 assignatur
1159 2737 1208 2804 961
1222 2737 1348 2806 libraris
1360 2737 1541 2844 Monachus
1556 2741 1709 2811 Dnnelffi.
1723 2764 1781 2828 per
1795 2743 1863 2816 Dfit
1877 2745 1990 2810 Wiflm

610 2862 632 2896 ‘⁴
648 2853 850 2942 Poklyngton
873 2851 1070 2919 Monachum
1085 2851 1160 2926 illm,
1183 2862 1215 2914 et
1230 2851 1325 2916 Sacre
1348 2851 1525 2945 Theologie
1548 2852 1778 2920 Bacularinm.''
1825 2856 1909 2924 Nota
1922 2857 1991 2923 haec

609 2963 750 3052 ejusdem
764 2961 888 3030 videtur
902 2963 1003 3028 aetatis
1018 2983 1090 3028 cnm
1105 2961 1188 3026 libro
1202 2961 1281 3048 ipso.

423 3257 483 3327 30.
510 3249 769 3327 Cassronouus
786 3271 903 3323 surse
922 3247 1180 3324 Pemrsmun.
1232 3245 1385 3322 infolio
1400 3247 1539 3347 mojori.

553 3397 713 3462 Cassidori
728 3417 844 3460 nomen
858 3407 905 3459 est
919 3417 938 3458 a
952 3415 1048 3458 manu
1062 3393 1239 3458 recentiori.

552 3507 677 3572 Folium
700 3507 837 3592 primum
859 3507 947 3572 deest
960 3505 994 3570 in
1017 3505 1246 3596 Autograpbo=
1270 3517 1303 3570 ot
1317 3503 1482 3592 suppletur
1503 3527 1633 3572 amanu
1647 3507 1718 3588 alid,
1741 3509 1907 3577 recentiori
1922 3516 1993 3602 qui-

509 3621 593 3700 dem,
609 3619 665 3690 sed
679 3619 806 3707 antiqui
823 3633 939 3685 tamen.
980 3609 985 3618 ’

554 3733 703 3799 Proefatio
724 3733 769 3796 sic
791 3733 918 3818 incipit:
944 3739 965 3776 ‘⁶
980 3731 1020 3802 In
1040 3731 1145 3817 primo
1165 3731 1248 3798 libro
1271 3729 1539 3816 Paralipomenon
1559 3731 1704 3821 legimus,
1733 3755 1808 3802 cum
1831 3735 1992 3822 Propheta

510 3854 533 3891 ‘⁶
547 3845 654 3912 David
668 3845 780 3910 devote
796 3843 937 3910 Domino
951 3855 1044 3910 oetate
1057 3845 1272 3914 senuissed...

552 3959 697 4027 Psalmus
717 3957 837 4044 primus
859 3957 922 4021 sic:
948 3955 1094 4038 “Quare
1114 3957 1235 4044 primus
1259 3956 1403 4022 Psalmus
1432 3976 1497 4020 non
1518 3954 1615 4024 hebet
1635 3955 1790 4022 titulum?
1846 3959 1990 4027 Psnlmus
2117 3949 2120 3954 ¹

509 4081 531 4114 “
545 4071 597 4136 hic
611 4070 683 4136 ideo
697 4091 763 4135 non
776 4067 873 4140 hebet
886 4069 1021 4148 titulum,
1038 4070 1112 4158 qnia
1128 4069 1233 4158 Capiti
1247 4083 1365 4151 nostro,
1389 4067 1468 4134 Diio
1482 4081 1514 4136 et
1530 4067 1694 4153 Sslvateri,
1717 4067 1758 4136 de
1772 4093 1836 4160 qno
1850 4073 1990 4141 absolute

511 4191 532 4226 “
546 4182 687 4248 dicturus
702 4193 758 4260 est,
775 4179 854 4244 nihil
868 4179 978 4245 debuit
991 4181 1198 4266 praeponi”-

552 4293 672 4359 Deficit
684 4294 779 4358 etiem
792 4293 826 4356 in
840 4291 923 4369 line3
945 4293 1110 4358 nonenim
1132 4293 1215 4358 ultra
1229 4313 1353 4358 uersum
1369 4291 1434 4358 3¹¹²·
1450 4291 1568 4357 Psalmi
1593 4300 1654 4358 148
1669 4293 1880 4380 progreditur.
1927 4297 1990 4364 Sed

509 4416 542 4469 et
561 4403 614 4468 bic
634 4401 745 4467 solium
767 4423 866 4468 unum
887 4400 1029 4468 additum
1051 4417 1099 4468 est
1112 4403 1153 4468 ab
1175 4402 1285 4470 eidem
1308 4425 1403 4467 menn
1425 4423 1497 4490 ques
1520 4399 1717 4467 Praefationis
1738 4403 1895 4472 defectum
1917 4431 1992 4494 snp-

508 4513 617 4602 plevit.

552 4624 668 4693 Mirari
682 4623 765 4689 subit
779 4644 876 4710 qnare
890 4622 941 4688 hic
958 4622 1209 4689 Commentarius
1223 4623 1256 4686 in
1278 4621 1430 4701 Psalmos
1453 4621 1507 4710 qui
1521 4621 1652 4687 seorsim
1666 4621 1768 4689 editus
1782 4623 1841 4690 fuit
1856 4623 1991 4693 Basileus

513 4747 607 4818 1491,
623 4749 655 4802 et
670 4736 759 4802 Paris
779 4743 817 4802 1⁵
822 4743 871 4801 19.
896 4735 928 4799 in
943 4756 1075 4822 opemm
1092 4733 1273 4801 Cassiodori
1286 4733 1476 4800 editionibus
1491 4734 1606 4800 omissa
1618 4733 1731 4812 liserit3
1746 4736 1779 4799 in
1794 4737 1907 4824 quibus
1921 4760 1990 4804 om-

508 4849 601 4916 nibus
615 4849 712 4926 deest,
735 4859 868 4932 excepta
881 4845 1001 4928 nent,
1025 4844 1284 4936 Rothomagensi,
1307 4845 1383 4912 ouri
1399 4845 1527 4912 Garreti
1541 4845 1634 4925 editt,
1662 4847 1703 4912 A.
1715 4845 1760 4912 D.
1779 4856 1872 4928 1679,
1899 4858 1920 4914 9
1935 4873 1991 4916 vo-

509 4959 679 5028 luminibus
694 4959 726 5024 in
740 4957 826 5024 folio.

554 5073 692 5145 Pulchri
706 5073 839 5159 scriptus
861 5083 909 5138 est
928 5070 981 5141 hic
997 5069 1119 5148 Codex,
1141 5069 1232 5138 lineis
1246 5069 1372 5148 divisiat
1395 5069 1493 5140 literis
1512 5071 1732 5152 mediocribus,
1757 5074 1938 5153 Sarmicis3
1960 5089 1995 5148 ct

510 5185 637 5274 quidem
651 5183 748 5271 ipsius
763 5182 958 5248 Venerebilis
975 5181 1073 5248 Bedae
1087 5201 1193 5259 manu,
1210 5180 1237 5244 si
1250 5179 1329 5244 fides
1343 5179 1489 5244 habenda
1502 5193 1550 5246 est
1562 5181 1636 5246 huic
1652 5181 1746 5248 Notae
1759 5185 1793 5250 in
1807 5185 1909 5253 fronte
1920 5186 1992 5252 libri

507 5300 639 5385 positae:
664 5306 685 5340 ‘⁶
696 5295 903 5364 Cassiodorus
925 5317 985 5382 sup
1000 5293 1188 5362 Psnlterium
1202 5293 1243 5358 de
1257 5314 1353 5360 mann
1367 5293 1477 5360 bede”
1522 5292 1581 5362 Est
1594 5294 1723 5381 quidem
1737 5296 1807 5364 brec
1820 5310 1897 5366 nots
1909 5299 1992 5365 libro

508 5411 578 5497 ipso
592 5407 692 5474 multo
705 5407 878 5484 recentior3
901 5429 1003 5494 neque
1017 5405 1133 5492 scripta
1147 5409 1197 5491 (nt
1210 5403 1347 5486 videtur)
1361 5415 1434 5470 ante
1447 5425 1547 5470 annos
1561 5414 1646 5476 400:
1671 5407 1735 5478 Sed
1750 5409 1868 5484 indicat
1882 5412 1991 5480 saltem

509 5521 670 5608 quodnam
684 5521 778 5586 lirerit
793 5519 1029 5586 Monacborum
1049 5517 1314 5592 Dunelmensium
1328 5539 1367 5584 90
1381 5527 1523 5604 tempore
1543 5517 1585 5584 de
1605 5517 1667 5584 hoc
1683 5520 1801 5589 Codice
1815 5523 1991 5610 judicium3

509 5633 649 5720 quidque
663 5631 723 5696 illis
744 5631 785 5698 de
806 5631 843 5704 91
865 5653 899 5700 re
921 5630 1070 5696 traditum
1083 5629 1151 5696 fuit.
1197 5629 1309 5718 Neque
1331 5628 1406 5696 saed
1420 5627 1538 5695 temere
1552 5629 1721 5716 rejicienda
1742 5643 1790 5698 est
1809 5631 1991 5720 hujusmodi

510 5743 647 5810 traditio.
690 5741 921 5808 Dunelmenses
943 5741 1026 5810 enim
1049 5737 1213 5816 Monaobi
1240 5740 1294 5828 qui
1317 5739 1520 5807 Girvensiunr
1544 5745 1731 5828 (equorum
1745 5765 1877 5813 numero
1900 5743 1992 5812 Beda

510 5853 583 5936 fuit)
604 5874 747 5942 propago
770 5853 866 5932 fuere,
891 5853 1007 5940 quique
1028 5851 1149 5916 summi
1171 5851 1370 5916 veneratione
1392 5849 1474 5916 illius
1496 5853 1679 5929 memoriam
1699 5853 1854 5934 oolebent,
1879 5855 1991 5923 melitis

510 5987 606 6054 quem
621 5963 678 6031 ulli
691 5965 741 6058 elij
757 5965 840 6030 vite
854 5965 920 6050 ejus
933 5963 1096 6028 historiam
1110 5962 1224 6029 rescire
1238 5975 1392 6060 poterent
1873 6049 1879 6056 Ι

554 6075 596 6140 Et
610 6073 737 6163 quidem
761 6076 830 6161 ipsa
846 6075 972 6142 Codicis
998 6075 1160 6161 Scriptura
1173 6074 1214 6139 ad
1228 6095 1298 6139 eam
1319 6086 1444 6142 oetatem
1464 6097 1628 6168 emungere
1648 6075 1782 6144 videtur.
1827 6079 1987 6154 Exaratus
