4650 7852
825 1147 1013 1204 asennaa
1036 1147 1316 1206 nonnananvsis.
1743 1141 1817 1230 187

247 1343 495 1430 [nonnum
517 1343 750 1430 nannum]

1208 1441 1421 1496 EVANGELIJ
1495 1442 1673 1497 HOMILIAE

339 1505 487 1558 1²1:st
504 1503 554 1554 ΕΤ
571 1503 748 1556 HOMILIAE
766 1504 981 1558 EXORDIUM.
1243 1510 1388 1562 ancum.
1464 1549 1468 1560 .
1509 1514 1667 1567 luc‘toa.
1735 1531 1814 1570 rom

2 1635 3 1650 ¹
97 1619 151 1697 Β.
175 1621 233 1698 ΙΙ,
251 1627 313 1699 31.
336 1619 424 1688 Petri
439 1619 606 1706 Apostoli:
797 1671 801 1682 .
1194 1621 1355 1689 Jamal.
1374 1633 1425 1693 15.
1693 1631 1817 1700 2401).

2 1698 3 1792 i
106 1717 216 1762 '⁰³¹⁰
423 1739 446 1775 v
460 1731 618 1796 vanam
631 1729 724 1796 nous
737 1731 874 1816 perfecte
887 1731 1082 1798 anatona

339 1863 444 1938 Maria
460 1867 672 1958 Magdalene:
1195 1867 1275 1936 Luc.
1292 1876 1323 1941 7.
1340 1879 1394 1944 37.
1698 1887 1773 1948 212.

426 1990 448 2024 “
463 1983 516 2048 De
532 1980 637 2048 Maris
654 1979 865 2070 Magdalene”

339 2119 483 2188 Humilia
496 2118 575 2183 alia:
1198 2101 1301 2187 Prov.¹
1315 2129 1367 2189 81.
1386 2130 1438 2190 10.
1701 2135 1777 2196 244.
1791 2128 1826 2198 b.

424 2239 447 2275 ‘⁶
459 2231 536 2298 Due
549 2230 641 2296 nobis
654 2231 801 2297 mulieres
815 2233 1055 2318 proponunto?

338 2367 426 2438 Petri
441 2367 482 2433 ad
497 2367 651 2434 Vincula:
1194 2370 1266 2436 Act.
1285 2377 1335 2437 12.
1353 2379 1403 2438 11.
1695 2383 1772 2446 215.

425 2487 447 2522 “
462 2478 595 2568 Legitur
609 2479 643 2544 in
658 2477 835 2545 Annalibus
850 2477 885 2568 qd
898 2477 999 2546 Gaius
1015 2477 1133 2546 Cesar”

339 2617 526 2702 Assmnptio
542 2615 640 2682 Beate
656 2615 779 2682 Maria:
1197 2615 1277 2683 Luc.
1296 2627 1347 2686 10.
1363 2629 1418 2686 58.
1699 2627 1776 2694 att.
1872 2671 1873 2674 κ

427 2738 449 2771 “
465 2727 553 2806 Quid
568 2728 609 2794 ad
623 2702 793 2818 glorioiam
808 2727 991 2818 Virginem”

336 2865 516 2932 Decollatio
530 2864 685 2930 iohannis
700 2863 861 2950 Baptista:
1196 2865 1282 2932 Mar.
1298 2877 1329 2935 6.
1348 2875 1400 2938 17.

423 2986 445 3020 “
460 2977 538 3042 Heu
552 2999 603 3041 me
618 2976 625 3042 l
650 2977 727 3064 quid
740 2975 859 3066 agam?
880 2977 965 3043 unde
981 2979 1153 3043 SermonE”

339 3113 499 3184 Exultatio
515 3113 644 3178 Crucis:
1196 3117 1289 3182 Joan.
1308 3125 1358 3183 12.
1374 3125 1429 3184 31.

425 3233 447 3267 “
463 3224 569 3289 Multa
583 3236 656 3288 sunt
669 3223 691 3289 J
692 3223 795 3288 udicia
810 3223 893 3288 Dei”

338 3359 483 3426 Homilia
496 3359 604 3423 aliaa‘n
621 3359 820 3424 Exultatione
836 3359 968 3424 Crucis:

425 3471 604 3536 “Verbum
621 3470 732 3535 Crucis
746 3471 950 3556 pereuntibus
965 3469 1112 3558 quidem‘'

339 3605 463 3672 Mathei
478 3605 643 3691 Apostoli:
1195 3605 1275 3672 Luc.
1292 3615 1322 3673 5.
1339 3615 1393 3678 27.

426 3727 448 3760 “
464 3717 554 3783 Idem
569 3717 648 3782 Levi
663 3715 717 3803 qui
731 3725 764 3780 et
778 3713 948 3780 Matlieus'’

339 3855 485 3922 Homilia
498 3854 579 3918 alia:
1197 3850 1280 3917 Mat.
1297 3862 1327 3920 9.
1344 3864 1375 3920 9.

428 3975 450 4008 “
465 3966 616 4054 Legimus
631 3961 790 4055 Apostolo·
801 3961 944 4027 dicentat’

339 4101 510 4169 Michaelis
526 4099 740 4188 Archangeli:
1197 4097 1281 4166 Mat,
1299 4109 1349 4166 18.
1368 4109 1396 4167 1.

426 4223 448 4256 “
463 4213 619 4291 Quotiens
632 4213 766 4301 legimus
776 4193 912 4276 ‘Domini
926 4208 1116 4298 discipulos”

338 4350 426 4417 Luce
443 4349 659 4436 Evangeliste:
1193 4348 1274 4415 Luc.
1293 4359 1342 4417 10.
1362 4359 1392 4416 l»

373 4507 375 4512 -
425 4461 619 4526 “Dominus
634 4471 667 4524 et
682 4459 825 4526 Salvator
838 4471 946 4527 noster
957 4461 1069 4528 fratres
1082 4459 1171 4526 kar.”

339 4597 490 4662 Omnium
507 4596 714 4662 Sanctormn:
1192 4596 1266 4662 lsai.
1281 4605 1335 4666 25.
1350 4609 1382 4666 6.

425 4715 447 4749 “
462 4707 515 4773 Ad
529 4707 652 4772 literam
668 4707 840 4794 Prophetis
854 4720 902 4776 est
915 4710 957 4777 de
970 4708 1173 4778 collectione*

340 4843 486 4912 Homilia
499 4843 577 4910 alia:
711 4858 725 4889 ⁶
1197 4845 1421 4916 Psal.1so.1.

425 4965 447 5000 “
463 4955 580 5023 Levavi
594 4955 702 5022 oculos
716 4960 823 5025 moos”
