4650 7852
849 1109 1036 1166 accarca
1061 1111 1337 1174 curaturum·
1763 1102 1836 1186 itt·

1 1315 2 1398 ἶ
108 1305 164 1382 Β.
189 1306 250 1386 II.
268 1315 327 1387 34.
351 1307 469 1378 librom
479 1305 521 1374 ab
529 1304 630 1374 altero
640 1305 812 1392 scriptam:
827 1309 1004 1394 praesmtim
1018 1309 1060 1380 de
1073 1333 1112 1376 eo
1126 1321 1313 1400 argumento
1326 1311 1361 1380 ia
1374 1333 1438 1400 quo
1454 1310 1543 1378 Reda
1553 1312 1621 1399 ipse
1634 1311 1834 1390 claborbset.

1 1407 2 1462 ¹
119 1405 235 1451 '⁰⁶¹⁶
354 1422 439 1488 nam
453 1442 563 1487 omnes
578 1419 677 1486 nsaae
690 1420 788 1486 raros
805 1420 982 1488 Montanos
997 1422 1228 1490 nunermenses
1242 1425 1389 1490 neusse
1402 1424 1539 1491 dubias
1553 1427 1607 1491 vix
1620 1437 1733 1512 potsse

397 1533 521 1602 Eodem
535 1556 662 1623 quoque
682 1535 821 1614 nomine,
846 1557 909 1622 quo
933 1535 1044 1602 Codex
1066 1536 1118 1602 bic
1144 1537 1273 1616 [Flores
1288 1537 1403 1620 Bedoe]
1426 1551 1555 1604 vocatur
1577 1539 1717 1626 ejmdcm
1737 1537 1836 1608 Beda:

356 1646 609 1714 Commentarius
623 1647 657 1711 in
673 1646 831 1733 Epistolas
855 1647 946 1713 Pauli
960 1647 1002 1712 ad
1025 1647 1186 1712 Romanos
1202 1661 1234 1712 et
1249 1649 1441 1728 Corinthios,
1464 1651 1499 1714 in
1515 1649 1634 1718 Codice
1650 1651 1835 1733 Bodleiano,

352 1781 440 1826 num.
456 1765 553 1830 acto.

399 1871 580 1960 Sigebertus
605 1869 733 1958 quidem
757 1870 995 1936 Gemblacensis
1014 1870 1132 1950 scribit,
1155 1870 1283 1957 (Capite
1299 1874 1354 1954 92)
1381 1872 1511 1938 Florum
1526 1875 1724 1942 contexrdsse
1740 1875 1837 1942 Com-

353 1984 541 2050 mentarium
555 1983 589 2048 in
605 1982 697 2048 Pauli
713 1982 870 2070 Epistolas
892 2006 933 2050 ex
954 1985 1127 2074 Augustini
1142 1985 1293 2072 Scriptis:
1317 1985 1373 2052 sed
1398 2009 1431 2051 se
1445 1987 1539 2052 etiam
1554 1987 1638 2054 idem
1653 1988 1763 2057 fecisse
1776 2002 1838 2054 tes·

354 2107 437 2162 tatur
453 2095 552 2175 Beda,
578 2096 612 2162 in
633 2107 777 2164 extrem
799 2096 939 2164 historiae
961 2121 1027 2164 suae
1050 2099 1278 2166 Ecclesiasticae
1302 2099 1423 2186 Capite.
1469 2099 1513 2165 Et
1531 2123 1606 2166 sane
1623 2101 1778 2188 judicium
1798 2101 1840 2166 de

354 2207 454 2274 Bedoe
470 2208 601 2294 Scriptis
615 2230 657 2272 ex
672 2207 815 2297 Anglicis
829 2207 934 2295 potids
949 2208 1045 2298 qudm
1061 2209 1191 2276 Gallicis
1208 2210 1303 2276 Mstis
1318 2210 1387 2276 fieri
1403 2210 1506 2276 debet.

394 2319 496 2388 Deest
510 2319 543 2382 in
560 2318 678 2384 Codice
692 2331 801 2384 nostro
817 2319 1040 2407 Commentarij
1056 2322 1088 2386 in
1102 2321 1276 2408 Epistolam
1290 2321 1332 2386 ad
1345 2322 1473 2388 Galatas
1489 2345 1562 2408 pars
1576 2323 1696 2409 major:
1722 2323 1840 2390 scilicet

351 2429 393 2496 ab
407 2431 497 2496 initio
519 2453 618 2518 usque
639 2432 681 2497 ad
704 2432 825 2518 Capitis
840 2433 878 2498 4⁶
900 2455 1025 2500 versum
1039 2436 1124 2500 4⁶⁶⁰:
1148 2447 1180 2500 et
1194 2435 1317 2524 integra
1330 2435 1424 2499 etiam
1441 2433 1583 2520 Epistola
1598 2435 1639 2500 ad
1656 2434 1837 2500 Romanos3

350 2565 423 2630 quae
437 2543 585 2608 tamenin
599 2565 637 2608 eo
648 2544 724 2609 olim
734 2544 828 2610 fuisse
841 2545 985 2612 videtur:
1000 2567 1075 2612 narn
1089 2546 1123 2612 iu
1137 2545 1226 2612 initio
1234 2546 1307 2610 libri
1320 2545 1372 2612 bic
1388 2546 1515 2611 Titulus
1529 2544 1660 2634 legitur:
1686 2556 1707 2588 ⁶⁶
1723 2546 1833 2612 Flores

353 2659 376 2694 ‘⁶
393 2652 482 2718 Bede
496 2655 627 2719 extracti
643 2653 683 2720 de
704 2654 834 2720 diversis
849 2655 937 2720 libris
960 2655 1131 2744 Augustini
1153 2679 1247 2742 super
1273 2657 1430 2742 Epistulas
1447 2657 1556 2734 Pauli;
1581 2656 1646 2722 s'cil.
1663 2656 1704 2722 ad
1720 2657 1839 2721 Roma-

354 2776 376 2810 ⁶⁶
390 2791 460 2848 nos,
477 2772 555 2836 &c.''
601 2770 770 2836 Probabile
784 2784 831 2835 est
847 2769 945 2835 Beda:
960 2793 1075 2836 nomen
1090 2771 1164 2836 huic
1180 2771 1333 2856 Epistola:
1347 2771 1516 2858 praefixum
1530 2771 1635 2836 fuisse.

398 2881 540 2966 Scriptus
555 2893 603 2945 est
616 2880 669 2945 hic
691 2881 803 2948 Codex
825 2881 914 2946 lineis
929 2881 1052 2960 divisis:
1075 2881 1173 2946 literis
1188 2881 1368 2968 majoribus,
1391 2881 1515 2948 modice
1530 2881 1725 2962 acuminatis,
1749 2904 1839 2948 accu-

352 2989 419 3056 rate
433 2989 591 3068 formatis3
607 3005 679 3056 ante
694 3014 793 3056 annos
809 2991 882 3056 circ.
899 3000 972 3057 500.

268 3305 327 3374 35.
355 3297 584 3374 Taacrarus
604 3306 663 3374 13.

356 3457 386 3514 l.
410 3448 567 3514 Cnossos
583 3447 792 3514 Bnrrasrna.

411 3559 539 3624 Titulus
553 3558 605 3624 hic
619 3582 685 3624 non
699 3561 732 3624 in
747 3559 836 3624 initio
850 3558 943 3646 hujus
959 3559 1127 3626 'l'ractatds
1142 3540 1340 3639 adscribitur,
1364 3561 1468 3626 sedin
1483 3560 1629 3626 Indiculo
1645 3561 1840 3652 singulorum

454 3681 643 3736 tractatuum
659 3671 713 3758 qui
726 3671 809 3758 libro
823 3671 1008 3758 praefigitur.

412 3781 473 3846 Est
488 3780 723 3868 Chronologica
738 3781 865 3868 Angliae
882 3779 1028 3846 Historia
1042 3804 1062 3845 a
1077 3781 1178 3846 Bruto
1194 3781 1234 3846 ad
1250 3783 1291 3846 A.
1304 3781 1348 3847 D.
1368 3789 1461 3852 1347.

415 3892 469 3957 Sic
482 3891 612 3977 incipit:
637 3890 837 3955 “Britannia
852 3891 1032 3956 Insularum
1047 3893 1175 3977 optima,
1191 3892 1273 3956 inter
1290 3892 1428 3957 Galliam
1443 3905 1475 3956 et
1490 3891 1682 3958 Hiberniam
1697 3896 1819 3961 sita”-

416 4003 471 4068 Sic
484 4002 616 4067 desinit:
640 4010 663 4043 ⁶⁶
675 4001 718 4066 Et
732 4003 777 4066 sic
791 4003 824 4066 in
841 4002 991 4090 Angliam
1005 4025 1078 4066 cum
1092 4002 1214 4067 honore
1229 4013 1261 4067 et
1274 4003 1374 4092 glorid
1389 4003 1581 4068 redierunt.”

414 4114 540 4200 Scripta
554 4126 601 4179 est
613 4113 704 4179 lineis
719 4113 844 4190 divisis3
867 4113 964 4180 literis
979 4113 1201 4195 mediocribus,
1217 4115 1335 4180 acutis:
1359 4116 1442 4180 circa
1457 4137 1574 4180 annum
1589 4117 1623 4180 in
1638 4138 1702 4205 quo
1715 4117 1838 4198 desinit,

460 4232 556 4294 1347.

415 4333 527 4400 Habet
540 4334 615 4399 folia
631 4344 682 4400 34.

265 4573 281 4580 -
358 4501 388 4558 0.
411 4492 632 4558 Graansnrus
649 4492 885 4558 Lusnrcansm
901 4493 1088 4558 Errsccrus
1103 4511 1148 4557 cn
1166 4493 1278 4558 Srsru
1293 4491 1470 4559 Eccnasra.
1700 4495 1753 4561 fol.

415 4606 469 4672 Sic
482 4605 608 4690 incipit:
633 4612 655 4645 ⁶⁶
667 4604 779 4693 Imago
792 4605 948 4693 generalis
963 4605 1103 4670 Faeclesie
1118 4607 1382 4690 supernotata’'-·

417 4717 470 4782 Sic
483 4716 616 4781 desinit:
642 4716 741 4792 “Qui
756 4717 897 4803 quotidie
911 4715 1044 4782 clamide
1056 4715 1201 4782 coccinerl
1217 4717 1369 4796 inaltatur,
1384 4727 1420 4782 ut
1434 4737 1558 4802 semper
1572 4717 1715 4784 martirio
1726 4721 1842 4804 proba·

459 4836 480 4870 ⁶⁶
494 4839 545 4892 tus
558 4827 740 4912 probetur.’'
785 4827 883 4893 Liber
897 4827 1096 4914 imperfectus
1111 4827 1244 4894 videtur.

416 4937 512 5004 Gileb
526 4939 576 5004 vel
592 4937 797 5016 Gillebertus,
821 4937 1040 5016 LunniccnsiS,
1064 4938 1113 5004 vel
1136 4937 1366 5016 Lumnicensis,
1388 4938 1438 5002 rel
1453 4937 1674 5004 Limericensis
1690 4939 1843 5007 Ecclesiae

458 5048 637 5136 Fpiscopus
651 5049 685 5112 in
701 5047 871 5127 Hibernis,
894 5048 992 5114 libelli
1006 5049 1047 5114 de
1064 5049 1154 5116 Statu
1170 5047 1321 5113 Ecclesia:
1338 5048 1490 5134 Scriptor,
1512 5049 1617 5116 floruit
1634 5051 1674 5116 A.
1684 5049 1728 5117 Ι).
1747 5057 1841 5130 1110,

457 5173 601 5228 mortum
611 5174 660 5228 est
673 5161 797 5226 circiter
815 5171 908 5230 1140.
953 5161 1120 5242 [Usserius
1134 5173 1167 5226 et
1182 5161 1324 5228 War‘e‘as
1337 5161 1423 5248 apud
1439 5162 1607 5244 caveum]

416 5273 525 5360 Hrrjus
540 5273 638 5342 libdli
653 5275 817 5360 Scriptma
830 5274 1033 5342 concidetur
1047 5275 1085 5343 ed
1099 5286 1191 5342 :etate
1205 5275 1340 5343 multum
1354 5275 1519 5340 recentior.

358 5446 389 5502 3.
413 5433 512 5500 Bana
527 5453 571 5499 ns
587 5453 701 5500 cssrrs
717 5437 921 5501 Astacana
935 5457 1002 5500 nna.
1018 5443 1048 5502 5.
1675 5431 1728 5498 fol.
1746 5439 1796 5502 ta.

415 5545 544 5614 Titulus
558 5545 612 5610 bic
625 5557 674 5611 est
687 5569 707 5610 a
720 5567 817 5611 mauu
832 5547 896 5626 2⁶¹,
919 5569 984 5612 non
999 5545 1116 5611 recenti
1130 5557 1245 5610 tamen
1291 5543 1355 5610 Sed
1371 5567 1390 5608 a
1403 5541 1505 5631 print
1520 5565 1616 5609 manu
1630 5543 1755 5632 legitur,
1769 5555 1843 5630 post

459 5657 602 5725 Indicam
619 5657 768 5766 Capitum
781 5659 855 5724 libri
873 5659 941 5725 1¹⁶:
965 5668 987 5702 ⁶⁶
999 5659 1115 5746 Incipit
1127 5657 1207 5724 liber
1220 5655 1341 5744 primus
1365 5655 1582 5724 Ecclesiastice
1596 5657 1726 5722 historie
1738 5657 1842 5746 gentis

460 5778 483 5812 ⁶⁶
498 5770 652 5859 Angloil’

417 5881 624 5949 Prtemittitur
647 5881 797 5947 Praefatio
821 5881 862 5947 ed
890 5881 1011 5972 Regem
1035 5881 1239 5961 Ceolwlt'trm3
1266 5903 1338 5970 qua
1352 5881 1397 5950 sic
1418 5881 1547 5969 incipit:
1571 5878 1841 5947 “Glaicsisslmc

459 6003 484 6038 ⁶⁶
498 5994 581 6084 Regi
603 5993 755 6061 ceolvso
777 5993 867 6061 Beda
887 5995 1024 6062 famulas
1038 5995 1158 6064 Christi
1171 6007 1204 6064 et
1223 5993 1605 6066 Presbiter-Historiam
1629 5994 1744 6062 Gentis
1771 5995 1840 6058 An·

460 6113 482 6150 ⁶⁶
495 6106 631 6194 plorum,
647 6129 743 6196 quam
755 6129 858 6196 nuper
872 6107 1062 6178 edideram.”

611 6257 617 6266 ·
1045 6240 1069 6288 N
1083 6239 1107 6288 n
