4634 7874
845 1095 1033 1148 ECCLESIAE
1051 1093 1328 1150 DUNELMENSIS·
1748 1081 1822 1150 485

43 1191 253 1248 APPENDIX.

70 1287 113 1361 B.
149 1287 223 1362 IV.
250 1289 310 1366 46.
341 1291 377 1357 F.
394 1291 504 1359 Tertia
518 1315 591 1381 pars
608 1295 762 1361 Historiae
778 1297 895 1362 Aurea·
911 1319 982 1362 cum
998 1297 1068 1361 vitis
1085 1297 1143 1362 SS.
1162 1291 1373 1371 adeldredus,
1392 1289 1567 1379 Segburgre
1580 1303 1612 1356 et
1627 1291 1821 1385 Werburgae
1855 1331 1858 1336 ,

97 1383 194 1424 ¹²⁰¹·¹⁰·
392 1419 424 1471 et
438 1429 510 1471 cum
525 1407 596 1470 viss
613 1409 671 1474 ss,
687 1407 804 1486 David,
823 1409 960 1485 Parnon,
976 1421 1009 1473 et
1024 1407 1193 1496 bregwini.

338 1541 380 1606 G.
399 1541 541 1606 Historiis
560 1541 656 1607 Bedae
671 1543 711 1608 de
728 1544 834 1608 Gestis
851 1545 1149 1632 Anglorum-Vita
1164 1542 1303 1629 ejusdem
1319 1539 1503 1605 venerabilis
1520 1539 1736 1608 Bedoe-Vita
1751 1544 1820 1608 Ab·

394 1655 501 1718 batum
515 1653 781 1719 Monasteriorum
794 1657 826 1718 in
840 1656 1045 1735 Wermouth,
1056 1669 1086 1722 et
1097 1655 1242 1732 Girvum,
1255 1653 1427 1730 Benedicti,
1442 1651 1602 1730 ceolfridi,
1616 1653 1820 1741 Easterwyni,

395 1764 533 1852 Sigfridi,
557 1779 589 1829 et
605 1765 792 1844 Hwetberti,
817 1767 990 1852 composita
1003 1767 1044 1831 ab
1059 1765 1171 1830 eodem
1188 1763 1421 1830 Beda-Gesta
1434 1763 1600 1827 Britonum
1615 1765 1787 1851 composita
1801 1789 1821 1830 a

395 1879 491 1944 Gilda
507 1879 554 1942 vel
574 1879 818 1943 Nennio—Vim
834 1881 857 1944 S
873 1879 980 1945 Gildoe
1002 1901 1074 1944 cum
1089 1878 1268 1943 nominibus
1292 1873 1417 1962 Regum
1433 1875 1622 1962 Anglorum,
1645 1889 1677 1941 et
1690 1876 1821 1963 Episco-

392 2013 506 2076 porum
522 1991 672 2056 Dunelm.
687 2015 724 2056 uc
738 1993 833 2079 gestis
847 1990 1020 2056 eorundem
1036 1991 1276 2076 Episcoporum.

335 2123 382 2189 H.
400 2125 544 2192 Historiis
559 2127 599 2190 de
615 2126 764 2191 Baalaam
779 2129 809 2192 iit
823 2127 978 2213 Josapbat
993 2130 1050 2193 &c

339 2261 366 2325 l.
397 2261 533 2326 Cronica
557 2260 963 2348 Martini-Floriloquium
987 2262 1160 2327 Wallensis
1183 2261 1223 2325 de
1244 2261 1336 2325 dictis
1359 2273 1391 2324 et
1412 2261 1470 2324 ead·
1487 2261 1654 2327 illustrium
1677 2261 1821 2328 Philoso-

393 2371 529 2456 phorum
544 2385 576 2436 et
592 2371 827 2458 Breviloquium
841 2372 882 2435 de
896 2373 1062 2436 virtutibus
1077 2373 1277 2457 antiquorum
1294 2369 1487 2455 Principum.
1822 2369 1827 2382 '

334 2505 377 2571 Κ.
395 2506 531 2572 Cronica
548 2507 673 2596 Regum
689 2489 1009 2571 Northumbrensium
1026 2527 1081 2570 seu
1098 2507 1224 2593 Regum
1240 2507 1377 2594 Anglire.

341 2644 381 2710 L.
399 2646 536 2712 Cronica
550 2647 678 2732 antiqua
692 2645 732 2709 de
750 2643 945 2708 Normannia
966 2664 1038 2706 cum
1061 2641 1270 2727 descriptione
1288 2643 1472 2730 Regnorum
1493 2642 1688 2709 diversorum
1703 2643 1736 2706 in
1752 2645 1819 2707 An-

391 2759 455 2847 glib
470 2759 650 2846 antiquitus,
667 2762 699 2823 in
715 2780 774 2822 uno
789 2768 936 2842 quaterno
950 2758 988 2818 de
997 2757 1120 2839 gallico.

327 2891 377 2958 M.
395 2894 494 2960 Gesta
510 2895 741 2982 Episcoporum
757 2889 1020 2958 Dunelmensium
1036 2888 1219 2973 incmnplete'.

341 3089 371 3144 5.
395 3079 486 3144 Libri
501 3079 667 3165 subscripti
684 3081 791 3164 jacent
812 3077 844 3139 in
861 3073 1036 3139 Almariolo
1053 3076 1145 3160 juxta
1159 3075 1321 3140 introitum
1336 3075 1376 3140 ad
1400 3078 1609 3142 Infirmariam
1630 3101 1690 3164 pro
1704 3078 1822 3144 lecturi

395 3191 427 3254 in
445 3191 633 3256 Refectorio.

341 3335 371 3390 6.
395 3327 485 3391 Libri
501 3327 668 3410 subscripti
691 3325 808 3388 inventi
828 3322 955 3385 fuerunt
969 3321 1002 3383 in
1024 3321 1183 3384 communi
1199 3321 1374 3384 Almariolo
1390 3321 1594 3386 Noviciorum
1610 3324 1760 3388 Dunelm.
1776 3325 1824 3386 in-

393 3434 441 3499 sra
456 3435 647 3511 Claustrum,
664 3447 877 3518 temporequo
892 3431 987 3495 frater
1003 3431 1197 3496 Willielmus
1206 3431 1246 3495 de
1258 3433 1415 3519 Appelby,
1432 3431 1490 3498 fuit
1505 3433 1768 3500 Librarius-viu.
1782 3435 1823 3500 ad

393 3545 414 3608 f.
432 3544 545 3610 Pasch.
568 3567 652 3609 anno
668 3544 800 3614 Domini
815 3563 911 3607 mccc.
927 3543 1130 3628 nonagesimo
1146 3542 1265 3626 quinto.

342 3688 371 3749 7.
396 3679 483 3744 Infra
505 3679 612 3762 scripti
635 3677 725 3741 Libri
746 3676 967 3761 prepunctuati
988 3675 1106 3738 inventi
1128 3675 1254 3738 luerunt
1276 3677 1308 3738 in
1332 3675 1527 3742 Cancellaria
1545 3679 1695 3744 Dunelm.
1718 3701 1776 3764 per
1790 3681 1821 3746 J.

396 3790 563 3878 Fyshborn
581 3789 612 3850 in
629 3788 706 3852 sesto
723 3789 761 3851 B.
780 3787 888 3850 Mauri
905 3786 978 3852 Alb.
1024 3787 1121 3849 Anno
1135 3786 1233 3850 Dom.
1249 3807 1423 3852 mccccxvr.

339 3935 369 3990 8.
393 3923 484 3988 Libri
501 3922 635 3986 Henrici
649 3919 800 4016 Helaugh
816 3920 901 3982 missi
919 3918 1139 3984 Stamfordiam
1151 3921 1183 3982 in
1200 3919 1272 3984 Oct.
1287 3922 1319 3986 S.
1332 3921 1500 3987 Laurcncii
1514 3923 1560 3986 Α0
1573 3923 1819 3991 D.1uccccxx11.

392 4035 444 4118 (St
460 4032 633 4098 Leonard's
649 4044 680 4096 at
697 4027 865 4108 Stamford,
881 4052 900 4093 a
917 4029 986 4094 Geli
1003 4029 1173 4118 belonging
1187 4043 1220 4096 to
1236 4029 1290 4094 the
1307 4031 1419 4118 Priory
1435 4033 1473 4096 of
1482 4033 1653 4116 Durham.)

254 4353 314 4433 47.
342 4343 538 4440 Catalogus
563 4342 756 4415 Librorum
786 4342 824 4413 in
852 4341 980 4415 Veteri
1006 4341 1233 4416 Bibliotheca
1259 4341 1434 4418 Ecclesiae
1460 4343 1729 4433 Dunelmensis,
1761 4347 1822 4420 de-

340 4469 495 4566 scriptus
512 4469 557 4540 ab
577 4466 657 4540 Elia
675 4465 803 4553 Smith,
824 4465 872 4539 A.
889 4465 943 4538 M.
973 4465 1183 4540 Precentori
1201 4479 1239 4540 et
1257 4465 1548 4542 Bibliothecario.

385 4615 472 4678 Elius
489 4612 591 4678 Smitb
607 4611 679 4675 died
702 4612 735 4673 in
758 4610 811 4674 the
825 4635 900 4697 year
925 4621 1017 4680 1676.
1065 4613 1128 4676 His
1153 4614 1326 4700 Catalogue
1348 4615 1488 4678 contains
1511 4637 1551 4680 an
1566 4629 1700 4680 account
1720 4617 1758 4680 of
1773 4617 1827 4681 the

336 4725 552 4808 Manuscripts
572 4723 635 4786 and
649 4722 776 4806 printed
801 4723 907 4787 Books
930 4723 1005 4787 then
1021 4724 1192 4812 belonging
1206 4737 1239 4787 to
1254 4725 1308 4788 the
1324 4725 1469 4810 Library,
1493 4727 1647 4813 ananged
1663 4728 1696 4790 in
1711 4727 1825 4792 classes

335 4837 467 4901 without
482 4834 672 4912 distinction,
696 4833 758 4896 and
782 4833 950 4898 concludes
971 4833 1045 4897 with
1063 4833 1146 4896 Lists
1161 4834 1199 4896 ol
1217 4835 1324 4898 Books
1343 4835 1436 4922 given
1458 4857 1495 4898 or
1509 4835 1706 4922 bequeathed
1722 4849 1754 4900 to
1770 4837 1824 4900 the

340 4949 487 5034 Library.
544 4944 649 5009 These
671 4944 838 5008 donations
853 4967 890 5006 or
911 4945 1056 5030 bequests
1079 4967 1131 5008 ore
1153 4966 1242 5008 more
1263 4944 1340 5030 fully
1356 4945 1503 5030 specified
1526 4946 1558 5008 in
1581 4969 1600 5010 a
1624 4945 1715 5010 Book
1738 4970 1823 5034 upon

334 5062 520 5147 parchment
534 5057 737 5123 commenced
753 5058 794 5142 by
810 5057 866 5120 Mr
884 5057 968 5134 Ruti,
985 5057 1047 5120 and
1063 5057 1231 5121 continued
1247 5071 1280 5120 to
1294 5057 1347 5122 the
1362 5072 1489 5142 present
1503 5059 1592 5124 time.

377 5173 450 5238 The
467 5171 640 5258 Catalogue
662 5167 700 5231 os
714 5168 840 5254 printed
858 5167 964 5231 Books
987 5169 1019 5230 in
1041 5167 1094 5231 the
1111 5168 1256 5255 Library,
1272 5191 1343 5232 now
1365 5170 1397 5233 in
1413 5192 1478 5247 use,
1502 5192 1563 5234 was
1586 5170 1657 5235 first
1670 5171 1762 5236 made
1778 5173 1821 5260 by

334 5283 388 5347 the
412 5283 489 5346 Rev.
516 5279 602 5345 John
627 5279 757 5356 Milner‚
782 5276 852 5339 who
874 5275 1046 5342 succeeded
1074 5277 1131 5342 Mr
1147 5278 1259 5357 Smitb,
1284 5279 1346 5343 and
1368 5279 1524 5364 preceded
1541 5279 1597 5344 Mr
1620 5281 1704 5346 Rud.
1750 5284 1825 5348 And

343 5395 427 5457 since
441 5393 510 5456 that
523 5389 634 5476 period
649 5389 691 5453 all
706 5388 876 5474 purchases
892 5389 954 5453 and
970 5389 1136 5454 donations
1152 5389 1231 5454 have
1247 5390 1327 5454 been
1342 5390 1501 5480 regularly
1515 5391 1663 5457 inserted.

244 5688 305 5755 48.
334 5677 370 5752 A
390 5675 486 5762 Roll‚
505 5675 661 5748 thirteen
686 5673 794 5773 yards
811 5676 849 5746 in
867 5673 995 5771 length
1021 5673 1094 5746 and
1110 5675 1195 5748 nine
1220 5675 1346 5750 inches
1371 5678 1408 5749 in
1426 5677 1591 5765 breadth,
1619 5681 1820 5779 consisting

331 5799 376 5875 of
387 5801 556 5872 nineteen
574 5797 693 5870 sheets
710 5795 755 5868 of
765 5795 990 5894 parchment,
1009 5820 1108 5894 upon
1126 5796 1189 5870 the
1205 5795 1392 5898 following
1409 5800 1567 5900 subjects
1583 5805 1646 5874 2-ss

374 5947 473 6034 Upon
498 5944 553 6008 the
578 5942 673 6007 death
697 5941 734 6005 oi
744 5942 829 6007 John
847 5942 989 6027 Burnby,
1016 5943 1109 6007 Prior
1126 5937 1169 6007 'of
1177 5944 1325 6010 Durham
1339 5947 1371 6010 in
1395 5947 1449 6012 the
1462 5971 1538 6035 year
1556 5959 1649 6029 1464,
1679 5951 1820 6018 Richard

334 6059 414 6139 Bell,
427 6058 476 6123 his
487 6077 648 6123 successor
658 6052 851 6139 (asterwards
864 6052 985 6140 Bishop
994 6053 1032 6120 of
1039 6054 1195 6140 Carlisle),
1208 6058 1272 6124 and
1286 6057 1340 6126 the
1353 6059 1507 6140 Conveut,
1519 6061 1680 6130 entrusted
1691 6085 1711 6129 s
1723 6062 1819 6140 Briefi
