<?xml version="1.0" encoding="UTF-8"?>
<!DOCTYPE html PUBLIC "-//W3C//DTD XHTML 1.0 Transitional//EN"
    "http://www.w3.org/TR/xhtml1/DTD/xhtml1-transitional.dtd">
<html xmlns="http://www.w3.org/1999/xhtml" xml:lang="en" lang="en">
 <head>
  <title>
</title>
<meta http-equiv="Content-Type" content="text/html;charset=utf-8" />
  <meta name='ocr-system' content='tesseract 3.04.00' />
  <meta name='ocr-capabilities' content='ocr_page ocr_carea ocr_par ocr_line ocrx_word'/>
</head>
<body>
  <div class='ocr_page' id='page_1' title='image "./codicummanuscri00librgoog/codicummanuscri00librgoog_0053.png"; bbox 0 0 4630 7860; ppageno 0'>
   <div class='ocr_carea' id='block_1_1' title="bbox 808 1123 1796 1196">
    <p class='ocr_par' dir='ltr' id='par_1_1' title="bbox 808 1123 1796 1196">
     <span class='ocr_line' id='line_1_1' title="bbox 808 1123 1796 1196; baseline 0.004 -12"><span class='ocrx_word' id='word_1_1' title='bbox 808 1125 995 1187; x_wconf 78' lang='lat' dir='ltr'><strong>scccasrn</strong></span> <span class='ocrx_word' id='word_1_2' title='bbox 1021 1133 1297 1188; x_wconf 68' lang='lat' dir='ltr'><strong>comanensis.</strong></span> <span class='ocrx_word' id='word_1_3' title='bbox 1747 1123 1796 1196; x_wconf 84' lang='lat'><strong>89</strong></span> 
     </span>
    </p>
   </div>
   <div class='ocr_carea' id='block_1_2' title="bbox 103 1325 1801 2088">
    <p class='ocr_par' dir='ltr' id='par_1_2' title="bbox 103 1325 1798 1529">
     <span class='ocr_line' id='line_1_2' title="bbox 103 1325 1798 1422; baseline -0.002 -18"><span class='ocrx_word' id='word_1_4' title='bbox 103 1325 212 1405; x_wconf 77' lang='lat' dir='ltr'><strong>AJII.</strong></span> <span class='ocrx_word' id='word_1_5' title='bbox 226 1333 283 1406; x_wconf 85' lang='lat'><strong>15.</strong></span> <span class='ocrx_word' id='word_1_6' title='bbox 310 1329 473 1399; x_wconf 87' lang='lat' dir='ltr'><strong>Henricus</strong></span> <span class='ocrx_word' id='word_1_7' title='bbox 495 1330 553 1396; x_wconf 87' lang='lat' dir='ltr'><strong>iste</strong></span> <span class='ocrx_word' id='word_1_8' title='bbox 570 1330 733 1420; x_wconf 80' lang='lat' dir='ltr'><strong>Cognatas</strong></span> <span class='ocrx_word' id='word_1_9' title='bbox 757 1332 893 1400; x_wconf 66' lang='lat' dir='ltr'><strong>Thomas</strong></span> <span class='ocrx_word' id='word_1_10' title='bbox 915 1334 955 1399; x_wconf 90' lang='lat' dir='ltr'><strong>de</strong></span> <span class='ocrx_word' id='word_1_11' title='bbox 972 1333 1163 1421; x_wconf 85' lang='lat' dir='ltr'><strong>Melsamby,</strong></span> <span class='ocrx_word' id='word_1_12' title='bbox 1187 1336 1242 1422; x_wconf 92' lang='lat' dir='ltr'><strong>qui</strong></span> <span class='ocrx_word' id='word_1_13' title='bbox 1265 1333 1445 1401; x_wconf 85' lang='lat' dir='ltr'><strong>Prioratum</strong></span> <span class='ocrx_word' id='word_1_14' title='bbox 1468 1333 1613 1421; x_wconf 83' lang='lat' dir='ltr'><strong>deposuit</strong></span> <span class='ocrx_word' id='word_1_15' title='bbox 1634 1345 1798 1404; x_wconf 76' lang='grc'><strong>11111214.</strong></span> 
     </span>
     <span class='ocr_line' id='line_1_3' title="bbox 113 1424 940 1529; baseline -0.004 -15"><span class='ocrx_word' id='word_1_16' title='bbox 113 1424 212 1514; x_wconf 69' lang='lat' dir='ltr'><strong>illlis</strong></span> <span class='ocrx_word' id='word_1_17' title='bbox 312 1467 342 1510; x_wconf 88' lang='lat' dir='ltr'><strong>v.</strong></span> <span class='ocrx_word' id='word_1_18' title='bbox 359 1445 464 1529; x_wconf 90' lang='lat' dir='ltr'><strong>Supra</strong></span> <span class='ocrx_word' id='word_1_19' title='bbox 480 1445 521 1510; x_wconf 82' lang='lat' dir='ltr'><strong>A.</strong></span> <span class='ocrx_word' id='word_1_20' title='bbox 538 1465 576 1509; x_wconf 90' lang='lat'><strong>11.</strong></span> <span class='ocrx_word' id='word_1_21' title='bbox 595 1452 645 1510; x_wconf 84' lang='lat'><strong>15.</strong></span> <span class='ocrx_word' id='word_1_22' title='bbox 660 1457 693 1510; x_wconf 90' lang='lat' dir='ltr'><strong>et</strong></span> <span class='ocrx_word' id='word_1_23' title='bbox 707 1444 787 1510; x_wconf 89' lang='lat' dir='ltr'><strong>infra</strong></span> <span class='ocrx_word' id='word_1_24' title='bbox 801 1446 871 1510; x_wconf 90' lang='lat' dir='ltr'><strong>cod.</strong></span> <span class='ocrx_word' id='word_1_25' title='bbox 888 1455 940 1511; x_wconf 74' lang='lat' dir='ltr'><strong>aa.</strong></span> 
     </span>
    </p>

    <p class='ocr_par' dir='ltr' id='par_1_3' title="bbox 314 1555 1801 1955">
     <span class='ocr_line' id='line_1_4' title="bbox 359 1555 1800 1644; baseline 0.003 -24"><span class='ocrx_word' id='word_1_26' title='bbox 359 1555 524 1642; x_wconf 81' lang='lat' dir='ltr'>Scriptura</span> <span class='ocrx_word' id='word_1_27' title='bbox 549 1555 675 1622; x_wconf 82' lang='lat' dir='ltr'><strong>Glossae</strong></span> <span class='ocrx_word' id='word_1_28' title='bbox 696 1557 830 1643; x_wconf 90' lang='lat' dir='ltr'><strong>pulchra</strong></span> <span class='ocrx_word' id='word_1_29' title='bbox 853 1569 919 1634; x_wconf 82' lang='lat' dir='ltr'><strong>est3</strong></span> <span class='ocrx_word' id='word_1_30' title='bbox 945 1557 1046 1623; x_wconf 83' lang='lat' dir='ltr'><strong>literae</strong></span> <span class='ocrx_word' id='word_1_31' title='bbox 1065 1557 1229 1644; x_wconf 83' lang='lat' dir='ltr'><strong>paululdm</strong></span> <span class='ocrx_word' id='word_1_32' title='bbox 1250 1559 1445 1624; x_wconf 82' lang='lat' dir='ltr'><strong>acuminatae.</strong></span> <span class='ocrx_word' id='word_1_33' title='bbox 1492 1559 1575 1624; x_wconf 91' lang='lat' dir='ltr'><strong>Cum</strong></span> <span class='ocrx_word' id='word_1_34' title='bbox 1597 1582 1662 1625; x_wconf 93' lang='lat' dir='ltr'><strong>non</strong></span> <span class='ocrx_word' id='word_1_35' title='bbox 1686 1561 1800 1626; x_wconf 90' lang='lat' dir='ltr'><strong>habeat</strong></span> 
     </span>
     <span class='ocr_line' id='line_1_5' title="bbox 314 1654 1800 1760; baseline 0.004 -29"><span class='ocrx_word' id='word_1_36' title='bbox 314 1677 503 1753; x_wconf 74' lang='lat' dir='ltr'><strong>praesentem</strong></span> <span class='ocrx_word' id='word_1_37' title='bbox 524 1667 672 1752; x_wconf 89' lang='lat' dir='ltr'><strong>Capitum</strong></span> <span class='ocrx_word' id='word_1_38' title='bbox 699 1667 940 1746; x_wconf 81' lang='lat' dir='ltr'><strong>distinctionem,</strong></span> <span class='ocrx_word' id='word_1_39' title='bbox 966 1669 1124 1755; x_wconf 79' lang='lat' dir='ltr'><strong>antiquior</strong></span> <span class='ocrx_word' id='word_1_40' title='bbox 1146 1669 1187 1733; x_wconf 90' lang='lat' dir='ltr'><strong>sit</strong></span> <span class='ocrx_word' id='word_1_41' title='bbox 1207 1681 1332 1754; x_wconf 82' lang='lat' dir='ltr'><strong>oportet</strong></span> <span class='ocrx_word' id='word_1_42' title='bbox 1348 1654 1490 1757; x_wconf 82' lang='lat' dir='ltr'><strong>Hugonc</strong></span> <span class='ocrx_word' id='word_1_43' title='bbox 1512 1671 1552 1735; x_wconf 92' lang='lat' dir='ltr'><strong>de</strong></span> <span class='ocrx_word' id='word_1_44' title='bbox 1569 1673 1601 1737; x_wconf 89' lang='lat' dir='ltr'><strong>S.</strong></span> <span class='ocrx_word' id='word_1_45' title='bbox 1619 1673 1713 1751; x_wconf 88' lang='lat' dir='ltr'><strong>Caro,</strong></span> <span class='ocrx_word' id='word_1_46' title='bbox 1734 1675 1800 1760; x_wconf 89' lang='lat' dir='ltr'><strong>ejus</strong></span> 
     </span>
     <span class='ocr_line' id='line_1_6' title="bbox 316 1777 1801 1865; baseline 0.004 -22"><span class='ocrx_word' id='word_1_47' title='bbox 316 1789 454 1857; x_wconf 85' lang='lat' dir='ltr'><strong>auctore,</strong></span> <span class='ocrx_word' id='word_1_48' title='bbox 478 1778 533 1865; x_wconf 91' lang='lat' dir='ltr'><strong>qui</strong></span> <span class='ocrx_word' id='word_1_49' title='bbox 547 1778 625 1842; x_wconf 92' lang='lat' dir='ltr'><strong>obiit</strong></span> <span class='ocrx_word' id='word_1_50' title='bbox 639 1777 727 1844; x_wconf 61' lang='lat' dir='ltr'><strong>AD.</strong></span> <span class='ocrx_word' id='word_1_51' title='bbox 754 1788 847 1846; x_wconf 78' lang='grc'><strong>1260.</strong></span> <span class='ocrx_word' id='word_1_52' title='bbox 893 1779 936 1844; x_wconf 86' lang='lat' dir='ltr'><strong>Et</strong></span> <span class='ocrx_word' id='word_1_53' title='bbox 949 1778 1077 1864; x_wconf 91' lang='lat' dir='ltr'><strong>quidem</strong></span> <span class='ocrx_word' id='word_1_54' title='bbox 1094 1781 1219 1864; x_wconf 80' lang='lat' dir='ltr'><strong>Scripta</strong></span> <span class='ocrx_word' id='word_1_55' title='bbox 1239 1779 1362 1844; x_wconf 88' lang='lat' dir='ltr'><strong>videtur</strong></span> <span class='ocrx_word' id='word_1_56' title='bbox 1383 1781 1468 1845; x_wconf 88' lang='lat' dir='ltr'><strong>circa</strong></span> <span class='ocrx_word' id='word_1_57' title='bbox 1489 1782 1586 1847; x_wconf 89' lang='lat' dir='ltr'><strong>finem</strong></span> <span class='ocrx_word' id='word_1_58' title='bbox 1602 1783 1707 1849; x_wconf 90' lang='lat' dir='ltr'><strong>Seculi</strong></span> <span class='ocrx_word' id='word_1_59' title='bbox 1721 1784 1801 1849; x_wconf 88' lang='lat' dir='ltr'><strong>duo·</strong></span> 
     </span>
     <span class='ocr_line' id='line_1_7' title="bbox 317 1889 441 1955; baseline -0.016 0"><span class='ocrx_word' id='word_1_60' title='bbox 317 1889 441 1955; x_wconf 89' lang='lat' dir='ltr'><strong>decimi.</strong></span> 
     </span>
    </p>

    <p class='ocr_par' dir='ltr' id='par_1_4' title="bbox 364 2001 1693 2088">
     <span class='ocr_line' id='line_1_8' title="bbox 364 2001 1693 2088; baseline 0.002 -20"><span class='ocrx_word' id='word_1_61' title='bbox 364 2001 598 2068; x_wconf 75' lang='lat' dir='ltr'><strong>concordantia</strong></span> <span class='ocrx_word' id='word_1_62' title='bbox 611 2002 728 2088; x_wconf 87' lang='lat' dir='ltr'><strong>scripta</strong></span> <span class='ocrx_word' id='word_1_63' title='bbox 742 2013 790 2066; x_wconf 87' lang='lat' dir='ltr'><strong>est</strong></span> <span class='ocrx_word' id='word_1_64' title='bbox 802 2002 899 2067; x_wconf 91' lang='lat' dir='ltr'><strong>literis</strong></span> <span class='ocrx_word' id='word_1_65' title='bbox 914 2001 1052 2080; x_wconf 90' lang='lat' dir='ltr'><strong>minutis,</strong></span> <span class='ocrx_word' id='word_1_66' title='bbox 1068 2001 1149 2068; x_wconf 90' lang='lat' dir='ltr'><strong>bene</strong></span> <span class='ocrx_word' id='word_1_67' title='bbox 1162 2001 1313 2082; x_wconf 82' lang='lat' dir='ltr'><strong>formatis,</strong></span> <span class='ocrx_word' id='word_1_68' title='bbox 1330 2003 1454 2068; x_wconf 87' lang='lat' dir='ltr'><strong>circiter</strong></span> <span class='ocrx_word' id='word_1_69' title='bbox 1467 2025 1586 2068; x_wconf 87' lang='lat' dir='ltr'><strong>annum</strong></span> <span class='ocrx_word' id='word_1_70' title='bbox 1601 2013 1693 2070; x_wconf 72' lang='grc'><strong>1160.</strong></span> 
     </span>
    </p>
   </div>
   <div class='ocr_carea' id='block_1_3' title="bbox 235 2285 1531 2378">
    <p class='ocr_par' dir='ltr' id='par_1_5' title="bbox 235 2285 1531 2378">
     <span class='ocr_line' id='line_1_9' title="bbox 235 2285 1531 2378; baseline 0.003 -18"><span class='ocrx_word' id='word_1_71' title='bbox 235 2285 293 2361; x_wconf 88' lang='grc'><strong>16.</strong></span> <span class='ocrx_word' id='word_1_72' title='bbox 322 2287 649 2378; x_wconf 79' lang='lat' dir='ltr'><strong>Eccunsmsrrcus,</strong></span> <span class='ocrx_word' id='word_1_73' title='bbox 669 2313 782 2362; x_wconf 79' lang='lat' dir='ltr'><strong>nmen</strong></span> <span class='ocrx_word' id='word_1_74' title='bbox 801 2287 936 2378; x_wconf 82' lang='lat' dir='ltr'><strong>Tomu,</strong></span> <span class='ocrx_word' id='word_1_75' title='bbox 955 2285 1103 2363; x_wconf 85' lang='lat' dir='ltr'><strong>Jomrn</strong></span> <span class='ocrx_word' id='word_1_76' title='bbox 1120 2311 1168 2360; x_wconf 81' lang='lat' dir='ltr'><strong>ar</strong></span> <span class='ocrx_word' id='word_1_77' title='bbox 1188 2285 1344 2362; x_wconf 80' lang='lat' dir='ltr'><strong>Hnsran</strong></span> <span class='ocrx_word' id='word_1_78' title='bbox 1362 2313 1531 2366; x_wconf 71' lang='lat' dir='ltr'><strong>orosam.</strong></span> 
     </span>
    </p>
   </div>
   <div class='ocr_carea' id='block_1_4' title="bbox 320 2435 1822 5084">
    <p class='ocr_par' dir='ltr' id='par_1_6' title="bbox 322 2435 1805 2743">
     <span class='ocr_line' id='line_1_10' title="bbox 366 2435 1804 2524; baseline 0 -24"><span class='ocrx_word' id='word_1_79' title='bbox 366 2437 477 2500; x_wconf 85' lang='lat' dir='ltr'><strong>Habet</strong></span> <span class='ocrx_word' id='word_1_80' title='bbox 500 2436 553 2500; x_wconf 93' lang='lat' dir='ltr'><strong>hic</strong></span> <span class='ocrx_word' id='word_1_81' title='bbox 575 2435 655 2500; x_wconf 90' lang='lat' dir='ltr'><strong>liber</strong></span> <span class='ocrx_word' id='word_1_82' title='bbox 671 2435 819 2500; x_wconf 89' lang='lat' dir='ltr'><strong>Glossam</strong></span> <span class='ocrx_word' id='word_1_83' title='bbox 844 2435 1036 2500; x_wconf 83' lang='lat' dir='ltr'><strong>ordinariam</strong></span> <span class='ocrx_word' id='word_1_84' title='bbox 1062 2449 1093 2498; x_wconf 92' lang='lat' dir='ltr'><strong>et</strong></span> <span class='ocrx_word' id='word_1_85' title='bbox 1113 2435 1365 2515; x_wconf 70' lang='lat' dir='ltr'><strong>interlinearem</strong></span> <span class='ocrx_word' id='word_1_86' title='bbox 1391 2437 1446 2502; x_wconf 90' lang='lat' dir='ltr'><strong>sed</strong></span> <span class='ocrx_word' id='word_1_87' title='bbox 1470 2437 1568 2524; x_wconf 91' lang='lat' dir='ltr'><strong>(quod</strong></span> <span class='ocrx_word' id='word_1_88' title='bbox 1589 2438 1623 2500; x_wconf 93' lang='lat' dir='ltr'><strong>in</strong></span> <span class='ocrx_word' id='word_1_89' title='bbox 1645 2436 1804 2502; x_wconf 79' lang='lat' dir='ltr'><strong>codicibus</strong></span> 
     </span>
     <span class='ocr_line' id='line_1_11' title="bbox 322 2545 1805 2634; baseline -0.001 -24"><span class='ocrx_word' id='word_1_90' title='bbox 322 2548 543 2612; x_wconf 82' lang='lat' dir='ltr'><strong>vetustioribus</strong></span> <span class='ocrx_word' id='word_1_91' title='bbox 564 2547 633 2611; x_wconf 89' lang='lat' dir='ltr'><strong>fieri</strong></span> <span class='ocrx_word' id='word_1_92' title='bbox 656 2547 749 2628; x_wconf 91' lang='lat' dir='ltr'><strong>solet)</strong></span> <span class='ocrx_word' id='word_1_93' title='bbox 774 2547 951 2611; x_wconf 87' lang='lat' dir='ltr'><strong>breviorem</strong></span> <span class='ocrx_word' id='word_1_94' title='bbox 974 2545 1071 2633; x_wconf 79' lang='lat' dir='ltr'><strong>qudm</strong></span> <span class='ocrx_word' id='word_1_95' title='bbox 1093 2546 1128 2609; x_wconf 89' lang='lat' dir='ltr'><strong>in</strong></span> <span class='ocrx_word' id='word_1_96' title='bbox 1151 2549 1385 2614; x_wconf 88' lang='lat' dir='ltr'><strong>recentioribus.</strong></span> <span class='ocrx_word' id='word_1_97' title='bbox 1432 2549 1496 2614; x_wconf 87' lang='lat' dir='ltr'><strong>Sed</strong></span> <span class='ocrx_word' id='word_1_98' title='bbox 1517 2547 1717 2634; x_wconf 83' lang='lat' dir='ltr'><strong>imperfectus</strong></span> <span class='ocrx_word' id='word_1_99' title='bbox 1739 2559 1805 2612; x_wconf 86' lang='lat' dir='ltr'><strong>est:</strong></span> 
     </span>
     <span class='ocr_line' id='line_1_12' title="bbox 323 2657 950 2743; baseline -0.005 -19"><span class='ocrx_word' id='word_1_100' title='bbox 323 2659 440 2724; x_wconf 84' lang='lat' dir='ltr'><strong>desinit</strong></span> <span class='ocrx_word' id='word_1_101' title='bbox 454 2659 539 2723; x_wconf 92' lang='lat' dir='ltr'><strong>enim</strong></span> <span class='ocrx_word' id='word_1_102' title='bbox 553 2658 588 2721; x_wconf 93' lang='lat' dir='ltr'><strong>in</strong></span> <span class='ocrx_word' id='word_1_103' title='bbox 604 2658 717 2743; x_wconf 88' lang='lat' dir='ltr'><strong>Capite</strong></span> <span class='ocrx_word' id='word_1_104' title='bbox 735 2665 773 2723; x_wconf 77' lang='lat'><strong>13</strong></span> <span class='ocrx_word' id='word_1_105' title='bbox 791 2657 950 2722; x_wconf 85' lang='lat' dir='ltr'><strong>Hesteroe.</strong></span> 
     </span>
    </p>

    <p class='ocr_par' dir='ltr' id='par_1_7' title="bbox 324 2766 1809 2947">
     <span class='ocr_line' id='line_1_13' title="bbox 369 2766 1809 2857; baseline -0.002 -22"><span class='ocrx_word' id='word_1_106' title='bbox 369 2769 508 2835; x_wconf 73' lang='lat' dir='ltr'><strong>Pulchre</strong></span> <span class='ocrx_word' id='word_1_107' title='bbox 522 2769 656 2854; x_wconf 85' lang='lat' dir='ltr'><strong>scriptus</strong></span> <span class='ocrx_word' id='word_1_108' title='bbox 679 2779 726 2833; x_wconf 89' lang='lat' dir='ltr'><strong>est</strong></span> <span class='ocrx_word' id='word_1_109' title='bbox 739 2767 791 2833; x_wconf 91' lang='lat' dir='ltr'><strong>hic</strong></span> <span class='ocrx_word' id='word_1_110' title='bbox 808 2768 930 2847; x_wconf 85' lang='lat' dir='ltr'><strong>Codex,</strong></span> <span class='ocrx_word' id='word_1_111' title='bbox 953 2768 1050 2832; x_wconf 84' lang='lat' dir='ltr'><strong>literis</strong></span> <span class='ocrx_word' id='word_1_112' title='bbox 1065 2766 1228 2832; x_wconf 87' lang='lat' dir='ltr'><strong>rotundis:</strong></span> <span class='ocrx_word' id='word_1_113' title='bbox 1244 2781 1281 2834; x_wconf 90' lang='lat' dir='ltr'><strong>ut</strong></span> <span class='ocrx_word' id='word_1_114' title='bbox 1294 2769 1336 2833; x_wconf 90' lang='lat' dir='ltr'><strong>ad</strong></span> <span class='ocrx_word' id='word_1_115' title='bbox 1352 2791 1450 2835; x_wconf 86' lang='lat' dir='ltr'><strong>annos</strong></span> <span class='ocrx_word' id='word_1_116' title='bbox 1466 2778 1530 2836; x_wconf 86' lang='grc'><strong>600</strong></span> <span class='ocrx_word' id='word_1_117' title='bbox 1545 2790 1709 2857; x_wconf 84' lang='lat' dir='ltr'><strong>assurgere</strong></span> <span class='ocrx_word' id='word_1_118' title='bbox 1722 2768 1809 2832; x_wconf 87' lang='lat' dir='ltr'><strong>vide-</strong></span> 
     </span>
     <span class='ocr_line' id='line_1_14' title="bbox 324 2892 405 2947; baseline -0.025 0"><span class='ocrx_word' id='word_1_119' title='bbox 324 2892 405 2947; x_wconf 88' lang='lat' dir='ltr'><strong>atur.</strong></span> 
     </span>
    </p>

    <p class='ocr_par' dir='ltr' id='par_1_8' title="bbox 325 2988 1809 3189">
     <span class='ocr_line' id='line_1_15' title="bbox 369 2988 1809 3078; baseline -0.003 -21"><span class='ocrx_word' id='word_1_120' title='bbox 369 2993 407 3058; x_wconf 90' lang='lat' dir='ltr'><strong>In</strong></span> <span class='ocrx_word' id='word_1_121' title='bbox 421 2992 530 3056; x_wconf 91' lang='lat' dir='ltr'><strong>initio:</strong></span> <span class='ocrx_word' id='word_1_122' title='bbox 556 2999 627 3054; x_wconf 87' lang='lat' dir='ltr'><strong>“ex</strong></span> <span class='ocrx_word' id='word_1_123' title='bbox 650 2990 736 3054; x_wconf 93' lang='lat' dir='ltr'><strong>dono</strong></span> <span class='ocrx_word' id='word_1_124' title='bbox 762 2989 870 3074; x_wconf 57' lang='lat' dir='ltr'><strong>Magri</strong></span> <span class='ocrx_word' id='word_1_125' title='bbox 894 2988 976 3052; x_wconf 90' lang='lat' dir='ltr'><strong>Rob.</strong></span> <span class='ocrx_word' id='word_1_126' title='bbox 992 2988 1033 3052; x_wconf 90' lang='lat' dir='ltr'><strong>de</strong></span> <span class='ocrx_word' id='word_1_127' title='bbox 1043 2989 1268 3077; x_wconf 72' lang='lat' dir='ltr'><strong>,Adingtond.&#39;’</strong></span> <span class='ocrx_word' id='word_1_128' title='bbox 1314 2989 1367 3055; x_wconf 88' lang='lat' dir='ltr'><strong>De</strong></span> <span class='ocrx_word' id='word_1_129' title='bbox 1395 2991 1537 3056; x_wconf 85' lang='lat' dir='ltr'><strong>Roberto</strong></span> <span class='ocrx_word' id='word_1_130' title='bbox 1562 2990 1603 3054; x_wconf 89' lang='lat' dir='ltr'><strong>dc</strong></span> <span class='ocrx_word' id='word_1_131' title='bbox 1625 2988 1809 3078; x_wconf 80' lang='lat' dir='ltr'><strong>Adingtonri</strong></span> 
     </span>
     <span class='ocr_line' id='line_1_16' title="bbox 325 3101 770 3189; baseline -0.004 -20"><span class='ocrx_word' id='word_1_132' title='bbox 325 3105 392 3170; x_wconf 90' lang='lat' dir='ltr'><strong>dixi</strong></span> <span class='ocrx_word' id='word_1_133' title='bbox 406 3126 502 3189; x_wconf 90' lang='lat' dir='ltr'><strong>supra</strong></span> <span class='ocrx_word' id='word_1_134' title='bbox 515 3102 556 3167; x_wconf 89' lang='lat' dir='ltr'><strong>ad</strong></span> <span class='ocrx_word' id='word_1_135' title='bbox 573 3101 725 3168; x_wconf 89' lang='lat' dir='ltr'><strong>Codicem</strong></span> <span class='ocrx_word' id='word_1_136' title='bbox 740 3109 770 3167; x_wconf 73' lang='lat'><strong>‘2-</strong></span> 
     </span>
    </p>

    <p class='ocr_par' dir='ltr' id='par_1_9' title="bbox 320 3211 1815 3744">
     <span class='ocr_line' id='line_1_17' title="bbox 370 3211 1813 3304; baseline -0.003 -23"><span class='ocrx_word' id='word_1_137' title='bbox 370 3217 409 3281; x_wconf 95' lang='lat' dir='ltr'><strong>In</strong></span> <span class='ocrx_word' id='word_1_138' title='bbox 423 3215 537 3304; x_wconf 74' lang='lat' dir='ltr'><strong>pagini</strong></span> <span class='ocrx_word' id='word_1_139' title='bbox 552 3213 697 3300; x_wconf 73' lang='lat' dir='ltr'><strong>proximi</strong></span> <span class='ocrx_word' id='word_1_140' title='bbox 708 3225 780 3298; x_wconf 92' lang='lat' dir='ltr'><strong>post</strong></span> <span class='ocrx_word' id='word_1_141' title='bbox 796 3211 939 3276; x_wconf 88' lang='lat' dir='ltr'><strong>Titulum</strong></span> <span class='ocrx_word' id='word_1_142' title='bbox 952 3211 1054 3276; x_wconf 85' lang='lat' dir='ltr'><strong>Index</strong></span> <span class='ocrx_word' id='word_1_143' title='bbox 1069 3223 1116 3276; x_wconf 90' lang='lat' dir='ltr'><strong>est</strong></span> <span class='ocrx_word' id='word_1_144' title='bbox 1129 3212 1283 3278; x_wconf 89' lang='lat' dir='ltr'><strong>librorum</strong></span> <span class='ocrx_word' id='word_1_145' title='bbox 1298 3213 1417 3299; x_wconf 89' lang='lat' dir='ltr'><strong>aliquot</strong></span> <span class='ocrx_word' id='word_1_146' title='bbox 1429 3214 1559 3299; x_wconf 90' lang='lat' dir='ltr'><strong>hujusce</strong></span> <span class='ocrx_word' id='word_1_147' title='bbox 1576 3213 1719 3291; x_wconf 85' lang='lat' dir='ltr'><strong>Roberti,</strong></span> <span class='ocrx_word' id='word_1_148' title='bbox 1740 3233 1813 3277; x_wconf 90' lang='lat' dir='ltr'><strong>cum</strong></span> 
     </span>
     <span class='ocr_line' id='line_1_18' title="bbox 325 3323 1814 3412; baseline -0.005 -18"><span class='ocrx_word' id='word_1_149' title='bbox 325 3328 386 3394; x_wconf 83' lang='grc'><strong>11116</strong></span> <span class='ocrx_word' id='word_1_150' title='bbox 400 3328 474 3393; x_wconf 80' lang='lat' dir='ltr'><strong>notri</strong></span> <span class='ocrx_word' id='word_1_151' title='bbox 488 3325 640 3412; x_wconf 81' lang='lat' dir='ltr'><strong>praefixti:</strong></span> <span class='ocrx_word' id='word_1_152' title='bbox 665 3323 757 3388; x_wconf 86' lang='lat' dir='ltr'><strong>“Hii</strong></span> <span class='ocrx_word' id='word_1_153' title='bbox 771 3335 845 3388; x_wconf 91' lang='lat' dir='ltr'><strong>sunt</strong></span> <span class='ocrx_word' id='word_1_154' title='bbox 867 3323 939 3386; x_wconf 89' lang='lat' dir='ltr'><strong>libri</strong></span> <span class='ocrx_word' id='word_1_155' title='bbox 955 3323 1062 3408; x_wconf 61' lang='lat' dir='ltr'><strong>Magri</strong></span> <span class='ocrx_word' id='word_1_156' title='bbox 1090 3324 1187 3387; x_wconf 87' lang='lat' dir='ltr'><strong>Robti</strong></span> <span class='ocrx_word' id='word_1_157' title='bbox 1208 3323 1248 3404; x_wconf 88' lang='lat' dir='ltr'><strong>de</strong></span> <span class='ocrx_word' id='word_1_158' title='bbox 1265 3324 1361 3388; x_wconf 73' lang='lat' dir='ltr'><strong>Ednt</strong></span> <span class='ocrx_word' id='word_1_159' title='bbox 1384 3327 1513 3411; x_wconf 87' lang='lat' dir='ltr'><strong>repositi</strong></span> <span class='ocrx_word' id='word_1_160' title='bbox 1535 3325 1619 3411; x_wconf 89' lang='lat' dir='ltr'><strong>apud</strong></span> <span class='ocrx_word' id='word_1_161' title='bbox 1648 3326 1722 3390; x_wconf 74' lang='lat' dir='ltr'><strong>som</strong></span> <span class='ocrx_word' id='word_1_162' title='bbox 1737 3323 1814 3388; x_wconf 91' lang='lat' dir='ltr'><strong>Vic-</strong></span> 
     </span>
     <span class='ocr_line' id='line_1_19' title="bbox 326 3433 1814 3524; baseline -0.004 -20"><span class='ocrx_word' id='word_1_163' title='bbox 326 3441 456 3504; x_wconf 89' lang='lat' dir='ltr'><strong>torem.&#39;’</strong></span> <span class='ocrx_word' id='word_1_164' title='bbox 503 3437 720 3501; x_wconf 88' lang='lat' dir='ltr'><strong>Recensentur</strong></span> <span class='ocrx_word' id='word_1_165' title='bbox 734 3434 778 3498; x_wconf 93' lang='lat' dir='ltr'><strong>ibi</strong></span> <span class='ocrx_word' id='word_1_166' title='bbox 793 3434 916 3498; x_wconf 87' lang='lat' dir='ltr'><strong>circiter</strong></span> <span class='ocrx_word' id='word_1_167' title='bbox 931 3443 974 3498; x_wconf 81' lang='lat'><strong>40</strong></span> <span class='ocrx_word' id='word_1_168' title='bbox 991 3433 1135 3512; x_wconf 88' lang='lat' dir='ltr'><strong>Codices,</strong></span> <span class='ocrx_word' id='word_1_169' title='bbox 1151 3435 1293 3522; x_wconf 86' lang='lat' dir='ltr'><strong>plerique</strong></span> <span class='ocrx_word' id='word_1_170' title='bbox 1310 3435 1424 3501; x_wconf 89' lang='lat' dir='ltr'><strong>Biblici</strong></span> <span class='ocrx_word' id='word_1_171' title='bbox 1434 3461 1443 3514; x_wconf 84' lang='lat'>3</span> <span class='ocrx_word' id='word_1_172' title='bbox 1452 3499 1456 3507; x_wconf 77' lang='grc'><em>,</em></span> <span class='ocrx_word' id='word_1_173' title='bbox 1466 3437 1610 3524; x_wconf 73' lang='lat' dir='ltr'><strong>interque</strong></span> <span class='ocrx_word' id='word_1_174' title='bbox 1625 3458 1679 3500; x_wconf 91' lang='lat' dir='ltr'><strong>eos</strong></span> <span class='ocrx_word' id='word_1_175' title='bbox 1692 3434 1745 3500; x_wconf 90' lang='lat' dir='ltr'><strong>hic</strong></span> <span class='ocrx_word' id='word_1_176' title='bbox 1760 3433 1814 3520; x_wconf 89' lang='lat' dir='ltr'><strong>qui</strong></span> 
     </span>
     <span class='ocr_line' id='line_1_20' title="bbox 320 3526 1815 3638; baseline -0.004 -22"><span class='ocrx_word' id='word_1_177' title='bbox 320 3553 389 3638; x_wconf 90' lang='lat' dir='ltr'><strong>jam</strong></span> <span class='ocrx_word' id='word_1_178' title='bbox 413 3552 447 3614; x_wconf 91' lang='lat' dir='ltr'><strong>in</strong></span> <span class='ocrx_word' id='word_1_179' title='bbox 471 3549 616 3614; x_wconf 91' lang='lat' dir='ltr'><strong>manibus</strong></span> <span class='ocrx_word' id='word_1_180' title='bbox 630 3561 695 3624; x_wconf 85' lang='lat' dir='ltr'><strong>est3</strong></span> <span class='ocrx_word' id='word_1_181' title='bbox 719 3559 812 3634; x_wconf 87' lang='lat' dir='ltr'><strong>atque</strong></span> <span class='ocrx_word' id='word_1_182' title='bbox 837 3547 931 3612; x_wconf 88' lang='lat' dir='ltr'><strong>etiam</strong></span> <span class='ocrx_word' id='word_1_183' title='bbox 957 3546 1091 3611; x_wconf 89' lang='lat' dir='ltr'><strong>Codices</strong></span> <span class='ocrx_word' id='word_1_184' title='bbox 1117 3526 1209 3632; x_wconf 75' lang='lat' dir='ltr'><strong>liujus</strong></span> <span class='ocrx_word' id='word_1_185' title='bbox 1230 3547 1329 3633; x_wconf 91' lang='lat' dir='ltr'><strong>plutei</strong></span> <span class='ocrx_word' id='word_1_186' title='bbox 1345 3557 1398 3628; x_wconf 75' lang='lat'><strong>2¹¹⁸,</strong></span> <span class='ocrx_word' id='word_1_187' title='bbox 1426 3555 1499 3628; x_wconf 67' lang='lat'><strong>17¹³,</strong></span> <span class='ocrx_word' id='word_1_188' title='bbox 1519 3556 1606 3624; x_wconf 76' lang='lat'><strong>19⁰¹¹⁸,</strong></span> <span class='ocrx_word' id='word_1_189' title='bbox 1623 3564 1655 3615; x_wconf 89' lang='lat' dir='ltr'><strong>et</strong></span> <span class='ocrx_word' id='word_1_190' title='bbox 1669 3549 1733 3625; x_wconf 54' lang='lat'><strong>5³¹¹,</strong></span> <span class='ocrx_word' id='word_1_191' title='bbox 1760 3546 1815 3632; x_wconf 86' lang='lat' dir='ltr'><strong>qui</strong></span> 
     </span>
     <span class='ocr_line' id='line_1_21' title="bbox 327 3659 1470 3744; baseline -0.002 -16"><span class='ocrx_word' id='word_1_192' title='bbox 327 3663 450 3728; x_wconf 88' lang='lat' dir='ltr'><strong>videtur</strong></span> <span class='ocrx_word' id='word_1_193' title='bbox 465 3661 600 3727; x_wconf 87' lang='lat' dir='ltr'><strong>eundem</strong></span> <span class='ocrx_word' id='word_1_194' title='bbox 616 3684 688 3726; x_wconf 91' lang='lat' dir='ltr'><strong>cum</strong></span> <span class='ocrx_word' id='word_1_195' title='bbox 702 3659 764 3724; x_wconf 92' lang='lat' dir='ltr'><strong>hoc</strong></span> <span class='ocrx_word' id='word_1_196' title='bbox 777 3660 860 3724; x_wconf 90' lang='lat' dir='ltr'><strong>libro</strong></span> <span class='ocrx_word' id='word_1_197' title='bbox 874 3659 1021 3724; x_wconf 87' lang='lat' dir='ltr'><strong>habuisse</strong></span> <span class='ocrx_word' id='word_1_198' title='bbox 1036 3659 1271 3744; x_wconf 89' lang='lat' dir='ltr'><strong>descriptorem.</strong></span> <span class='ocrx_word' id='word_1_199' title='bbox 1468 3723 1470 3726; x_wconf 84' lang='lat'><strong>.</strong></span> 
     </span>
    </p>

    <p class='ocr_par' dir='ltr' id='par_1_10' title="bbox 328 3771 1816 4082">
     <span class='ocr_line' id='line_1_22' title="bbox 373 3771 1815 3862; baseline 0 -21"><span class='ocrx_word' id='word_1_200' title='bbox 373 3775 570 3842; x_wconf 86' lang='lat' dir='ltr'><strong>Confinnare</strong></span> <span class='ocrx_word' id='word_1_201' title='bbox 585 3774 709 3839; x_wconf 89' lang='lat' dir='ltr'><strong>videtur</strong></span> <span class='ocrx_word' id='word_1_202' title='bbox 722 3772 792 3836; x_wconf 88' lang='lat' dir='ltr'><strong>haec</strong></span> <span class='ocrx_word' id='word_1_203' title='bbox 807 3784 882 3835; x_wconf 87' lang='lat' dir='ltr'><strong>nota</strong></span> <span class='ocrx_word' id='word_1_204' title='bbox 896 3771 1105 3856; x_wconf 84' lang='lat' dir='ltr'><strong>suspicionem</strong></span> <span class='ocrx_word' id='word_1_205' title='bbox 1116 3794 1219 3836; x_wconf 88' lang='lat' dir='ltr'><strong>meam</strong></span> <span class='ocrx_word' id='word_1_206' title='bbox 1230 3771 1271 3836; x_wconf 91' lang='lat' dir='ltr'><strong>de</strong></span> <span class='ocrx_word' id='word_1_207' title='bbox 1283 3772 1426 3836; x_wconf 89' lang='lat' dir='ltr'><strong>Roberto</strong></span> <span class='ocrx_word' id='word_1_208' title='bbox 1440 3772 1481 3836; x_wconf 89' lang='lat' dir='ltr'><strong>de</strong></span> <span class='ocrx_word' id='word_1_209' title='bbox 1497 3774 1660 3862; x_wconf 84' lang='lat' dir='ltr'><strong>Adington</strong></span> <span class='ocrx_word' id='word_1_210' title='bbox 1668 3799 1678 3853; x_wconf 83' lang='lat'>3</span> <span class='ocrx_word' id='word_1_211' title='bbox 1695 3782 1815 3862; x_wconf 89' lang='lat' dir='ltr'><strong>(snpra,</strong></span> 
     </span>
     <span class='ocr_line' id='line_1_23' title="bbox 332 3881 1816 3970; baseline 0 -16"><span class='ocrx_word' id='word_1_212' title='bbox 332 3888 412 3954; x_wconf 81' lang='lat' dir='ltr'><strong>eod.</strong></span> <span class='ocrx_word' id='word_1_213' title='bbox 429 3890 473 3970; x_wconf 75' lang='lat'><strong>2.)</strong></span> <span class='ocrx_word' id='word_1_214' title='bbox 487 3887 584 3950; x_wconf 81' lang='lat' dir='ltr'><strong>fuisse</strong></span> <span class='ocrx_word' id='word_1_215' title='bbox 599 3884 716 3949; x_wconf 91' lang='lat' dir='ltr'><strong>scilicet</strong></span> <span class='ocrx_word' id='word_1_216' title='bbox 730 3883 867 3947; x_wconf 90' lang='lat' dir='ltr'><strong>eundem</strong></span> <span class='ocrx_word' id='word_1_217' title='bbox 881 3903 954 3946; x_wconf 89' lang='lat' dir='ltr'><strong>cnm</strong></span> <span class='ocrx_word' id='word_1_218' title='bbox 971 3881 1113 3946; x_wconf 86' lang='lat' dir='ltr'><strong>Roberto</strong></span> <span class='ocrx_word' id='word_1_219' title='bbox 1128 3882 1168 3946; x_wconf 92' lang='lat' dir='ltr'><strong>de</strong></span> <span class='ocrx_word' id='word_1_220' title='bbox 1184 3881 1334 3960; x_wconf 90' lang='lat' dir='ltr'><strong>Edinton,</strong></span> <span class='ocrx_word' id='word_1_221' title='bbox 1351 3883 1406 3968; x_wconf 91' lang='lat' dir='ltr'><strong>qui</strong></span> <span class='ocrx_word' id='word_1_222' title='bbox 1420 3883 1499 3947; x_wconf 89' lang='lat' dir='ltr'><strong>vixit</strong></span> <span class='ocrx_word' id='word_1_223' title='bbox 1508 3897 1581 3948; x_wconf 87' lang='lat' dir='ltr'><strong>ante</strong></span> <span class='ocrx_word' id='word_1_224' title='bbox 1592 3908 1709 3950; x_wconf 89' lang='lat' dir='ltr'><strong>annum</strong></span> <span class='ocrx_word' id='word_1_225' title='bbox 1723 3897 1816 3954; x_wconf 73' lang='grc'><strong>1100.</strong></span> 
     </span>
     <span class='ocr_line' id='line_1_24' title="bbox 328 3974 1816 4082; baseline -0.001 -17"><span class='ocrx_word' id='word_1_226' title='bbox 328 3999 372 4065; x_wconf 87' lang='lat' dir='ltr'><strong>Et</strong></span> <span class='ocrx_word' id='word_1_227' title='bbox 387 4022 462 4064; x_wconf 87' lang='lat' dir='ltr'><strong>sane</strong></span> <span class='ocrx_word' id='word_1_228' title='bbox 477 4019 586 4062; x_wconf 92' lang='lat' dir='ltr'><strong>omnes</strong></span> <span class='ocrx_word' id='word_1_229' title='bbox 600 3997 673 4060; x_wconf 91' lang='lat' dir='ltr'><strong>libri</strong></span> <span class='ocrx_word' id='word_1_230' title='bbox 688 3995 728 4058; x_wconf 89' lang='lat' dir='ltr'><strong>ab</strong></span> <span class='ocrx_word' id='word_1_231' title='bbox 743 4017 782 4059; x_wconf 88' lang='lat' dir='ltr'><strong>eo</strong></span> <span class='ocrx_word' id='word_1_232' title='bbox 797 3995 905 4058; x_wconf 90' lang='lat' dir='ltr'><strong>donati</strong></span> <span class='ocrx_word' id='word_1_233' title='bbox 920 4015 990 4057; x_wconf 87' lang='lat' dir='ltr'><strong>eam</strong></span> <span class='ocrx_word' id='word_1_234' title='bbox 1011 4005 1136 4057; x_wconf 82' lang='lat' dir='ltr'><strong>aetatem</strong></span> <span class='ocrx_word' id='word_1_235' title='bbox 1150 4015 1308 4077; x_wconf 86' lang='lat' dir='ltr'><strong>superare,</strong></span> <span class='ocrx_word' id='word_1_236' title='bbox 1332 3993 1381 4056; x_wconf 89' lang='lat' dir='ltr'><strong>vel</strong></span> <span class='ocrx_word' id='word_1_237' title='bbox 1396 3974 1505 4057; x_wconf 80' lang='lat' dir='ltr'><strong>saltem</strong></span> <span class='ocrx_word' id='word_1_238' title='bbox 1521 4018 1646 4082; x_wconf 81' lang='lat' dir='ltr'><strong>aequare</strong></span> <span class='ocrx_word' id='word_1_239' title='bbox 1661 3998 1816 4065; x_wconf 91' lang='lat' dir='ltr'><strong>videntur.</strong></span> 
     </span>
    </p>

    <p class='ocr_par' dir='ltr' id='par_1_11' title="bbox 327 4103 1819 4528">
     <span class='ocr_line' id='line_1_25' title="bbox 373 4103 1818 4190; baseline 0.001 -15"><span class='ocrx_word' id='word_1_240' title='bbox 373 4111 426 4176; x_wconf 87' lang='lat' dir='ltr'><strong>De</strong></span> <span class='ocrx_word' id='word_1_241' title='bbox 451 4111 567 4174; x_wconf 90' lang='lat' dir='ltr'><strong>Sancto</strong></span> <span class='ocrx_word' id='word_1_242' title='bbox 582 4108 711 4171; x_wconf 88' lang='lat' dir='ltr'><strong>Victore</strong></span> <span class='ocrx_word' id='word_1_243' title='bbox 730 4105 810 4168; x_wconf 90' lang='lat' dir='ltr'><strong>nihil</strong></span> <span class='ocrx_word' id='word_1_244' title='bbox 831 4105 908 4168; x_wconf 87' lang='lat' dir='ltr'><strong>certi</strong></span> <span class='ocrx_word' id='word_1_245' title='bbox 929 4103 1032 4168; x_wconf 89' lang='lat' dir='ltr'><strong>habeo</strong></span> <span class='ocrx_word' id='word_1_246' title='bbox 1055 4103 1140 4190; x_wconf 90' lang='lat' dir='ltr'><strong>quod</strong></span> <span class='ocrx_word' id='word_1_247' title='bbox 1163 4114 1307 4168; x_wconf 87' lang='lat' dir='ltr'><strong>statuam.</strong></span> <span class='ocrx_word' id='word_1_248' title='bbox 1352 4103 1488 4169; x_wconf 87' lang='lat' dir='ltr'><strong>Lutetiae</strong></span> <span class='ocrx_word' id='word_1_249' title='bbox 1505 4105 1698 4172; x_wconf 85' lang='lat' dir='ltr'><strong>Parisiorum</strong></span> <span class='ocrx_word' id='word_1_250' title='bbox 1712 4110 1818 4177; x_wconf 90' lang='lat' dir='ltr'><strong>nobile</strong></span> 
     </span>
     <span class='ocr_line' id='line_1_26' title="bbox 327 4213 1817 4303; baseline 0 -16"><span class='ocrx_word' id='word_1_251' title='bbox 327 4233 377 4287; x_wconf 87' lang='lat' dir='ltr'><strong>cst</strong></span> <span class='ocrx_word' id='word_1_252' title='bbox 390 4219 625 4295; x_wconf 87' lang='lat' dir='ltr'><strong>monasterium,</strong></span> <span class='ocrx_word' id='word_1_253' title='bbox 649 4217 734 4303; x_wconf 92' lang='lat' dir='ltr'><strong>quod</strong></span> <span class='ocrx_word' id='word_1_254' title='bbox 751 4216 858 4282; x_wconf 86' lang='lat' dir='ltr'><strong>Sancti</strong></span> <span class='ocrx_word' id='word_1_255' title='bbox 873 4215 1010 4280; x_wconf 87' lang='lat' dir='ltr'><strong>Victoris</strong></span> <span class='ocrx_word' id='word_1_256' title='bbox 1025 4237 1141 4278; x_wconf 88' lang='lat' dir='ltr'><strong>nomen</strong></span> <span class='ocrx_word' id='word_1_257' title='bbox 1155 4213 1303 4299; x_wconf 77' lang='lat' dir='ltr'><strong>praefert:</strong></span> <span class='ocrx_word' id='word_1_258' title='bbox 1324 4213 1405 4278; x_wconf 85' lang='lat' dir='ltr'><strong>forte</strong></span> <span class='ocrx_word' id='word_1_259' title='bbox 1422 4215 1582 4281; x_wconf 86' lang='lat' dir='ltr'><strong>Robertus</strong></span> <span class='ocrx_word' id='word_1_260' title='bbox 1596 4232 1703 4284; x_wconf 90' lang='lat' dir='ltr'><strong>noster</strong></span> <span class='ocrx_word' id='word_1_261' title='bbox 1720 4223 1817 4287; x_wconf 91' lang='lat' dir='ltr'><strong>Codi-</strong></span> 
     </span>
     <span class='ocr_line' id='line_1_27' title="bbox 330 4325 1819 4416; baseline 0.002 -19"><span class='ocrx_word' id='word_1_262' title='bbox 330 4355 381 4398; x_wconf 88' lang='lat' dir='ltr'><strong>ces</strong></span> <span class='ocrx_word' id='word_1_263' title='bbox 399 4331 503 4396; x_wconf 88' lang='lat' dir='ltr'><strong>Mstos</strong></span> <span class='ocrx_word' id='word_1_264' title='bbox 519 4331 551 4392; x_wconf 91' lang='lat' dir='ltr'><strong>in</strong></span> <span class='ocrx_word' id='word_1_265' title='bbox 567 4329 681 4393; x_wconf 90' lang='lat' dir='ltr'><strong>exteris</strong></span> <span class='ocrx_word' id='word_1_266' title='bbox 697 4327 878 4415; x_wconf 81' lang='lat' dir='ltr'><strong>regionibus</strong></span> <span class='ocrx_word' id='word_1_267' title='bbox 893 4326 1102 4413; x_wconf 88' lang='lat' dir='ltr'><strong>undecunque</strong></span> <span class='ocrx_word' id='word_1_268' title='bbox 1117 4325 1275 4403; x_wconf 88' lang='lat' dir='ltr'><strong>collectos,</strong></span> <span class='ocrx_word' id='word_1_269' title='bbox 1291 4326 1325 4388; x_wconf 92' lang='lat' dir='ltr'><strong>in</strong></span> <span class='ocrx_word' id='word_1_270' title='bbox 1338 4325 1400 4391; x_wconf 90' lang='lat' dir='ltr'><strong>hoc</strong></span> <span class='ocrx_word' id='word_1_271' title='bbox 1417 4325 1614 4393; x_wconf 88' lang='lat' dir='ltr'><strong>Monasterio</strong></span> <span class='ocrx_word' id='word_1_272' title='bbox 1637 4333 1733 4416; x_wconf 92' lang='lat' dir='ltr'><strong>(utin</strong></span> <span class='ocrx_word' id='word_1_273' title='bbox 1747 4335 1819 4400; x_wconf 91' lang='lat' dir='ltr'><strong>loco</strong></span> 
     </span>
     <span class='ocr_line' id='line_1_28' title="bbox 329 4436 1296 4528; baseline -0.007 -19"><span class='ocrx_word' id='word_1_274' title='bbox 329 4446 412 4525; x_wconf 87' lang='lat' dir='ltr'><strong>tuto)</strong></span> <span class='ocrx_word' id='word_1_275' title='bbox 427 4441 583 4528; x_wconf 87' lang='lat' dir='ltr'><strong>deposuit,</strong></span> <span class='ocrx_word' id='word_1_276' title='bbox 600 4439 700 4504; x_wconf 90' lang='lat' dir='ltr'><strong>donec</strong></span> <span class='ocrx_word' id='word_1_277' title='bbox 715 4461 769 4504; x_wconf 91' lang='lat' dir='ltr'><strong>eos</strong></span> <span class='ocrx_word' id='word_1_278' title='bbox 784 4439 817 4502; x_wconf 91' lang='lat' dir='ltr'><strong>in</strong></span> <span class='ocrx_word' id='word_1_279' title='bbox 833 4437 984 4526; x_wconf 87' lang='lat' dir='ltr'><strong>Angliam</strong></span> <span class='ocrx_word' id='word_1_280' title='bbox 998 4436 1166 4502; x_wconf 83' lang='lat' dir='ltr'><strong>transferre</strong></span> <span class='ocrx_word' id='word_1_281' title='bbox 1181 4451 1296 4523; x_wconf 87' lang='lat' dir='ltr'><strong>posset.</strong></span> 
     </span>
    </p>

    <p class='ocr_par' dir='ltr' id='par_1_12' title="bbox 330 4549 1822 5084">
     <span class='ocr_line' id='line_1_29' title="bbox 374 4549 1818 4640; baseline -0.001 -20"><span class='ocrx_word' id='word_1_282' title='bbox 374 4556 414 4620; x_wconf 96' lang='lat' dir='ltr'><strong>In</strong></span> <span class='ocrx_word' id='word_1_283' title='bbox 440 4568 531 4640; x_wconf 86' lang='lat' dir='ltr'><strong>tergo</strong></span> <span class='ocrx_word' id='word_1_284' title='bbox 556 4551 650 4638; x_wconf 89' lang='lat' dir='ltr'><strong>hujus</strong></span> <span class='ocrx_word' id='word_1_285' title='bbox 673 4551 747 4614; x_wconf 88' lang='lat' dir='ltr'><strong>libri</strong></span> <span class='ocrx_word' id='word_1_286' title='bbox 769 4549 839 4615; x_wconf 82' lang='lat' dir='ltr'><strong>hoec</strong></span> <span class='ocrx_word' id='word_1_287' title='bbox 862 4561 938 4614; x_wconf 89' lang='lat' dir='ltr'><strong>nota</strong></span> <span class='ocrx_word' id='word_1_288' title='bbox 957 4549 1154 4628; x_wconf 76' lang='lat' dir='ltr'><strong>adscribitur,</strong></span> <span class='ocrx_word' id='word_1_289' title='bbox 1181 4549 1279 4614; x_wconf 84' lang='lat' dir='ltr'><strong>literis</strong></span> <span class='ocrx_word' id='word_1_290' title='bbox 1304 4549 1457 4628; x_wconf 90' lang='lat' dir='ltr'><strong>rotundis,</strong></span> <span class='ocrx_word' id='word_1_291' title='bbox 1481 4553 1668 4637; x_wconf 84' lang='lat' dir='ltr'><strong>majoribus:</strong></span> <span class='ocrx_word' id='word_1_292' title='bbox 1694 4558 1818 4624; x_wconf 82' lang='lat' dir='ltr'><strong>“Jesus</strong></span> 
     </span>
     <span class='ocr_line' id='line_1_30' title="bbox 332 4659 1822 4750; baseline 0.003 -21"><span class='ocrx_word' id='word_1_293' title='bbox 332 4675 354 4708; x_wconf 81' lang='lat'><strong>‘⁶</strong></span> <span class='ocrx_word' id='word_1_294' title='bbox 369 4665 452 4729; x_wconf 87' lang='lat' dir='ltr'><strong>filius</strong></span> <span class='ocrx_word' id='word_1_295' title='bbox 469 4665 567 4750; x_wconf 85' lang='lat' dir='ltr'><strong>Syrac</strong></span> <span class='ocrx_word' id='word_1_296' title='bbox 588 4662 632 4725; x_wconf 81' lang='lat' dir='ltr'><strong>lib</strong></span> <span class='ocrx_word' id='word_1_297' title='bbox 648 4659 797 4749; x_wconf 79' lang='lat' dir='ltr'><strong>Magistri</strong></span> <span class='ocrx_word' id='word_1_298' title='bbox 822 4659 920 4724; x_wconf 86' lang='lat' dir='ltr'><strong>Robti</strong></span> <span class='ocrx_word' id='word_1_299' title='bbox 941 4659 983 4724; x_wconf 88' lang='lat' dir='ltr'><strong>de</strong></span> <span class='ocrx_word' id='word_1_300' title='bbox 1004 4659 1177 4737; x_wconf 90' lang='lat' dir='ltr'><strong>Dunelmo,</strong></span> <span class='ocrx_word' id='word_1_301' title='bbox 1203 4662 1292 4724; x_wconf 81' lang='lat' dir='ltr'><strong>cont⁰</strong></span> <span class='ocrx_word' id='word_1_302' title='bbox 1307 4659 1532 4726; x_wconf 55' lang='lat' dir='ltr'><strong>Bibliotheca?</strong></span> <span class='ocrx_word' id='word_1_303' title='bbox 1578 4663 1741 4732; x_wconf 86' lang='lat' dir='ltr'><strong>Emtus’ne</strong></span> <span class='ocrx_word' id='word_1_304' title='bbox 1761 4669 1822 4734; x_wconf 83' lang='lat' dir='ltr'><strong>fuit</strong></span> 
     </span>
     <span class='ocr_line' id='line_1_31' title="bbox 330 4767 1820 4862; baseline 0.002 -21"><span class='ocrx_word' id='word_1_305' title='bbox 330 4777 383 4841; x_wconf 87' lang='lat' dir='ltr'><strong>hic</strong></span> <span class='ocrx_word' id='word_1_306' title='bbox 400 4774 512 4841; x_wconf 86' lang='lat' dir='ltr'><strong>Codex</strong></span> <span class='ocrx_word' id='word_1_307' title='bbox 527 4773 568 4838; x_wconf 86' lang='lat' dir='ltr'><strong>de</strong></span> <span class='ocrx_word' id='word_1_308' title='bbox 584 4772 727 4837; x_wconf 87' lang='lat' dir='ltr'><strong>Roberto</strong></span> <span class='ocrx_word' id='word_1_309' title='bbox 742 4770 879 4857; x_wconf 90' lang='lat' dir='ltr'><strong>quodam</strong></span> <span class='ocrx_word' id='word_1_310' title='bbox 901 4767 1136 4836; x_wconf 80' lang='lat' dir='ltr'><strong>Dunelmensi?</strong></span> <span class='ocrx_word' id='word_1_311' title='bbox 1181 4771 1233 4833; x_wconf 86' lang='lat' dir='ltr'><strong>An</strong></span> <span class='ocrx_word' id='word_1_312' title='bbox 1248 4767 1328 4833; x_wconf 86' lang='lat' dir='ltr'><strong>forte</strong></span> <span class='ocrx_word' id='word_1_313' title='bbox 1345 4769 1503 4835; x_wconf 88' lang='lat' dir='ltr'><strong>Robertus</strong></span> <span class='ocrx_word' id='word_1_314' title='bbox 1518 4787 1634 4853; x_wconf 89' lang='lat' dir='ltr'><strong>noster,</strong></span> <span class='ocrx_word' id='word_1_315' title='bbox 1657 4799 1717 4862; x_wconf 90' lang='lat' dir='ltr'><strong>pro</strong></span> <span class='ocrx_word' id='word_1_316' title='bbox 1731 4801 1820 4845; x_wconf 89' lang='lat' dir='ltr'><strong>more</strong></span> 
     </span>
     <span class='ocr_line' id='line_1_32' title="bbox 332 4878 1820 4964; baseline 0.002 -13"><span class='ocrx_word' id='word_1_317' title='bbox 332 4887 420 4951; x_wconf 91' lang='lat' dir='ltr'><strong>istius</strong></span> <span class='ocrx_word' id='word_1_318' title='bbox 439 4885 549 4962; x_wconf 72' lang='lat' dir='ltr'><strong>aetatis,</strong></span> <span class='ocrx_word' id='word_1_319' title='bbox 574 4903 682 4948; x_wconf 92' lang='lat' dir='ltr'><strong>rerum</strong></span> <span class='ocrx_word' id='word_1_320' title='bbox 705 4881 901 4947; x_wconf 89' lang='lat' dir='ltr'><strong>Secularium</strong></span> <span class='ocrx_word' id='word_1_321' title='bbox 921 4891 1084 4964; x_wconf 76' lang='lat' dir='ltr'><strong>pertaesus,</strong></span> <span class='ocrx_word' id='word_1_322' title='bbox 1107 4879 1140 4942; x_wconf 92' lang='lat' dir='ltr'><strong>in</strong></span> <span class='ocrx_word' id='word_1_323' title='bbox 1156 4878 1388 4944; x_wconf 89' lang='lat' dir='ltr'><strong>Monasterium</strong></span> <span class='ocrx_word' id='word_1_324' title='bbox 1409 4904 1443 4946; x_wconf 86' lang='lat' dir='ltr'><strong>se</strong></span> <span class='ocrx_word' id='word_1_325' title='bbox 1459 4882 1625 4949; x_wconf 81' lang='lat' dir='ltr'><strong>condidit?</strong></span> <span class='ocrx_word' id='word_1_326' title='bbox 1646 4901 1677 4950; x_wconf 90' lang='lat' dir='ltr'><strong>ct</strong></span> <span class='ocrx_word' id='word_1_327' title='bbox 1691 4891 1820 4955; x_wconf 90' lang='lat' dir='ltr'><strong>nomine</strong></span> 
     </span>
     <span class='ocr_line' id='line_1_33' title="bbox 334 4989 1792 5084; baseline 0.001 -22"><span class='ocrx_word' id='word_1_328' title='bbox 334 4998 438 5084; x_wconf 89' lang='lat' dir='ltr'><strong>priore</strong></span> <span class='ocrx_word' id='word_1_329' title='bbox 453 4994 619 5083; x_wconf 87' lang='lat' dir='ltr'><strong>repudiato</strong></span> <span class='ocrx_word' id='word_1_330' title='bbox 634 4992 734 5080; x_wconf 91' lang='lat' dir='ltr'><strong>(quod</strong></span> <span class='ocrx_word' id='word_1_331' title='bbox 748 4993 782 5056; x_wconf 89' lang='lat' dir='ltr'><strong>in</strong></span> <span class='ocrx_word' id='word_1_332' title='bbox 799 4991 973 5080; x_wconf 83' lang='lat' dir='ltr'><strong>Religionis</strong></span> <span class='ocrx_word' id='word_1_333' title='bbox 988 4991 1132 5079; x_wconf 80' lang='lat' dir='ltr'><strong>ingressu</strong></span> <span class='ocrx_word' id='word_1_334' title='bbox 1146 4989 1248 5056; x_wconf 88' lang='lat' dir='ltr'><strong>facere</strong></span> <span class='ocrx_word' id='word_1_335' title='bbox 1263 4991 1418 5074; x_wconf 86' lang='lat' dir='ltr'><strong>solebant)</strong></span> <span class='ocrx_word' id='word_1_336' title='bbox 1433 5014 1550 5058; x_wconf 86' lang='lat' dir='ltr'><strong>novum</strong></span> <span class='ocrx_word' id='word_1_337' title='bbox 1565 4995 1624 5059; x_wconf 91' lang='lat' dir='ltr'><strong>sibi</strong></span> <span class='ocrx_word' id='word_1_338' title='bbox 1639 4997 1792 5064; x_wconf 77' lang='lat' dir='ltr'><strong>adscivit?</strong></span> 
     </span>
    </p>
   </div>
   <div class='ocr_carea' id='block_1_5' title="bbox 245 5285 698 5376">
    <p class='ocr_par' dir='ltr' id='par_1_13' title="bbox 245 5285 698 5376">
     <span class='ocr_line' id='line_1_34' title="bbox 245 5285 698 5376; baseline -0.015 -14"><span class='ocrx_word' id='word_1_339' title='bbox 245 5295 311 5376; x_wconf 89' lang='lat'><strong>17.</strong></span> <span class='ocrx_word' id='word_1_340' title='bbox 340 5285 478 5360; x_wconf 78' lang='lat' dir='ltr'><strong>stms</strong></span> <span class='ocrx_word' id='word_1_341' title='bbox 496 5306 698 5356; x_wconf 78' lang='lat' dir='ltr'><strong>ccosarus.</strong></span> 
     </span>
    </p>
   </div>
   <div class='ocr_carea' id='block_1_6' title="bbox 379 5420 1822 5624">
    <p class='ocr_par' dir='ltr' id='par_1_14' title="bbox 379 5420 1822 5624">
     <span class='ocr_line' id='line_1_35' title="bbox 379 5420 1665 5512; baseline -0.005 -13"><span class='ocrx_word' id='word_1_342' title='bbox 379 5435 527 5500; x_wconf 89' lang='lat' dir='ltr'><strong>Glossam</strong></span> <span class='ocrx_word' id='word_1_343' title='bbox 542 5431 638 5496; x_wconf 84' lang='lat' dir='ltr'><strong>habet</strong></span> <span class='ocrx_word' id='word_1_344' title='bbox 652 5428 843 5494; x_wconf 80' lang='lat' dir='ltr'><strong>ordinariam</strong></span> <span class='ocrx_word' id='word_1_345' title='bbox 858 5438 890 5492; x_wconf 89' lang='lat' dir='ltr'><strong>et</strong></span> <span class='ocrx_word' id='word_1_346' title='bbox 904 5427 1156 5492; x_wconf 88' lang='lat' dir='ltr'><strong>interlinearem:</strong></span> <span class='ocrx_word' id='word_1_347' title='bbox 1173 5420 1206 5489; x_wconf 86' lang='lat' dir='ltr'><strong>iri</strong></span> <span class='ocrx_word' id='word_1_348' title='bbox 1221 5427 1283 5512; x_wconf 77' lang='lat' dir='ltr'><strong>qud</strong></span> <span class='ocrx_word' id='word_1_349' title='bbox 1297 5423 1376 5488; x_wconf 90' lang='lat' dir='ltr'><strong>nihil</strong></span> <span class='ocrx_word' id='word_1_350' title='bbox 1391 5425 1549 5511; x_wconf 78' lang='lat' dir='ltr'><strong>singulare</strong></span> <span class='ocrx_word' id='word_1_351' title='bbox 1564 5426 1665 5492; x_wconf 88' lang='lat' dir='ltr'><strong>video.</strong></span> 
     </span>
     <span class='ocr_line' id='line_1_36' title="bbox 380 5533 1822 5624; baseline -0.001 -13"><span class='ocrx_word' id='word_1_352' title='bbox 380 5535 519 5611; x_wconf 75' lang='lat' dir='ltr'><strong>Pitlchrd</strong></span> <span class='ocrx_word' id='word_1_353' title='bbox 533 5543 705 5608; x_wconf 87' lang='lat' dir='ltr'><strong>admodum</strong></span> <span class='ocrx_word' id='word_1_354' title='bbox 719 5539 893 5624; x_wconf 86' lang='lat' dir='ltr'><strong>descriptus</strong></span> <span class='ocrx_word' id='word_1_355' title='bbox 909 5537 1017 5602; x_wconf 92' lang='lat' dir='ltr'><strong>esthic</strong></span> <span class='ocrx_word' id='word_1_356' title='bbox 1034 5535 1166 5612; x_wconf 85' lang='lat' dir='ltr'><strong>Codex3</strong></span> <span class='ocrx_word' id='word_1_357' title='bbox 1181 5535 1279 5600; x_wconf 91' lang='lat' dir='ltr'><strong>literis</strong></span> <span class='ocrx_word' id='word_1_358' title='bbox 1293 5533 1417 5601; x_wconf 71' lang='lat' dir='ltr'><strong>modici</strong></span> <span class='ocrx_word' id='word_1_359' title='bbox 1428 5537 1622 5617; x_wconf 88' lang='lat' dir='ltr'><strong>acuminatis,</strong></span> <span class='ocrx_word' id='word_1_360' title='bbox 1639 5551 1670 5604; x_wconf 89' lang='lat' dir='ltr'><strong>et</strong></span> <span class='ocrx_word' id='word_1_361' title='bbox 1679 5555 1822 5610; x_wconf 84' lang='lat' dir='ltr'><strong>accurate</strong></span> 
     </span>
    </p>
   </div>
   <div class='ocr_carea' id='block_1_7' title="bbox 333 5651 1503 5852">
    <p class='ocr_par' dir='ltr' id='par_1_15' title="bbox 333 5651 1503 5852">
     <span class='ocr_line' id='line_1_37' title="bbox 333 5651 812 5734; baseline -0.015 -11"><span class='ocrx_word' id='word_1_362' title='bbox 333 5657 486 5734; x_wconf 85' lang='lat' dir='ltr'><strong>formatis,</strong></span> <span class='ocrx_word' id='word_1_363' title='bbox 503 5663 678 5720; x_wconf 89' lang='lat' dir='ltr'><strong>atramento</strong></span> <span class='ocrx_word' id='word_1_364' title='bbox 693 5651 812 5716; x_wconf 84' lang='lat' dir='ltr'><strong>nitenti.</strong></span> 
     </span>
     <span class='ocr_line' id='line_1_38' title="bbox 381 5757 1503 5852; baseline -0.006 -20"><span class='ocrx_word' id='word_1_365' title='bbox 381 5767 516 5833; x_wconf 88' lang='lat' dir='ltr'><strong>Videtur</strong></span> <span class='ocrx_word' id='word_1_366' title='bbox 529 5785 694 5852; x_wconf 84' lang='lat' dir='ltr'><strong>assurgere</strong></span> <span class='ocrx_word' id='word_1_367' title='bbox 709 5761 750 5826; x_wconf 88' lang='lat' dir='ltr'><strong>ad</strong></span> <span class='ocrx_word' id='word_1_368' title='bbox 764 5761 861 5825; x_wconf 88' lang='lat' dir='ltr'><strong>finem</strong></span> <span class='ocrx_word' id='word_1_369' title='bbox 875 5761 925 5824; x_wconf 90' lang='lat' dir='ltr'><strong>vel</strong></span> <span class='ocrx_word' id='word_1_370' title='bbox 939 5759 1034 5824; x_wconf 84' lang='lat' dir='ltr'><strong>etiam</strong></span> <span class='ocrx_word' id='word_1_371' title='bbox 1048 5757 1188 5824; x_wconf 91' lang='lat' dir='ltr'><strong>medium</strong></span> <span class='ocrx_word' id='word_1_372' title='bbox 1204 5758 1301 5824; x_wconf 89' lang='lat' dir='ltr'><strong>seculi</strong></span> <span class='ocrx_word' id='word_1_373' title='bbox 1315 5758 1503 5825; x_wconf 92' lang='lat' dir='ltr'><strong>duodecimi.</strong></span> 
     </span>
    </p>
   </div>
   <div class='ocr_carea' id='block_1_8' title="bbox 242 6023 1845 6261">
    <p class='ocr_par' dir='ltr' id='par_1_16' title="bbox 242 6023 1845 6261">
     <span class='ocr_line' id='line_1_39' title="bbox 242 6023 1054 6119; baseline -0.018 -8"><span class='ocrx_word' id='word_1_374' title='bbox 242 6042 304 6111; x_wconf 88' lang='lat'><strong>18.</strong></span> <span class='ocrx_word' id='word_1_375' title='bbox 335 6031 488 6119; x_wconf 72' lang='lat' dir='ltr'><strong>Ysama</strong></span> <span class='ocrx_word' id='word_1_376' title='bbox 507 6028 706 6115; x_wconf 82' lang='lat' dir='ltr'><strong>Junanms,</strong></span> <span class='ocrx_word' id='word_1_377' title='bbox 727 6023 865 6111; x_wconf 80' lang='lat' dir='ltr'><strong>Tuam,</strong></span> <span class='ocrx_word' id='word_1_378' title='bbox 884 6047 1054 6098; x_wconf 78' lang='lat' dir='ltr'><strong>cnosnrr.</strong></span> 
     </span>
     <span class='ocr_line' id='line_1_40' title="bbox 385 6149 1845 6261; baseline -0.003 -14"><span class='ocrx_word' id='word_1_379' title='bbox 385 6179 496 6247; x_wconf 85' lang='lat' dir='ltr'><strong>Habet</strong></span> <span class='ocrx_word' id='word_1_380' title='bbox 509 6177 562 6243; x_wconf 89' lang='lat' dir='ltr'><strong>hic</strong></span> <span class='ocrx_word' id='word_1_381' title='bbox 578 6175 690 6244; x_wconf 83' lang='lat' dir='ltr'><strong>Codex</strong></span> <span class='ocrx_word' id='word_1_382' title='bbox 705 6173 854 6244; x_wconf 87' lang='lat' dir='ltr'><strong>Glossam</strong></span> <span class='ocrx_word' id='word_1_383' title='bbox 868 6171 1060 6242; x_wconf 84' lang='lat' dir='ltr'><strong>ordinariam</strong></span> <span class='ocrx_word' id='word_1_384' title='bbox 1074 6182 1106 6237; x_wconf 90' lang='lat' dir='ltr'><strong>et</strong></span> <span class='ocrx_word' id='word_1_385' title='bbox 1119 6167 1370 6248; x_wconf 68' lang='lat' dir='ltr'><strong>interlinearem</strong></span> <span class='ocrx_word' id='word_1_386' title='bbox 1393 6183 1426 6238; x_wconf 88' lang='lat' dir='ltr'><strong>et</strong></span> <span class='ocrx_word' id='word_1_387' title='bbox 1439 6171 1552 6239; x_wconf 83' lang='lat' dir='ltr'><strong>multas</strong></span> <span class='ocrx_word' id='word_1_388' title='bbox 1567 6185 1721 6261; x_wconf 79' lang='lat' dir='ltr'><strong>preterea</strong></span> <span class='ocrx_word' id='word_1_389' title='bbox 1735 6187 1824 6242; x_wconf 86' lang='lat' dir='ltr'><strong>notas</strong></span> <span class='ocrx_word' id='word_1_390' title='bbox 1843 6149 1845 6160; x_wconf 37' lang='grc' dir='ltr'>Ι</span> 
     </span>
    </p>
   </div>
   <div class='ocr_carea' id='block_1_9' title="bbox 0 0 2335 7860">
    <p class='ocr_par' dir='ltr' id='par_1_17' title="bbox 0 0 2335 7860">
     <span class='ocr_line' id='line_1_41' title="bbox 0 0 2335 7860; baseline 0 0"><span class='ocrx_word' id='word_1_391' title='bbox 0 0 2335 7860; x_wconf 95' lang='lat' dir='ltr'><strong> </strong></span> 
     </span>
    </p>
   </div>
  </div>
 </body>
</html>
