4630 7860
455 1041 459 1048 ’
531 1053 581 1132 62
1057 1077 1213 1129 coerces
1238 1071 1492 1128 unrusosrrrr

297 1277 346 1354 A.
366 1277 435 1353 IV.
446 1289 482 1358 5,
523 1288 554 1347 5.
586 1279 721 1346 Pnnrus
736 1293 929 1342 rnnorurus
946 1295 1126 1342 susurrus
1141 1297 1276 1342 conraa
1290 1275 1558 1344 Tamarrouus
1574 1275 1794 1345 Drnuourcrs.
1867 1284 1920 1352 fol.
1939 1297 2010 1358 188.

308 1376 429 1426 ‘imm
595 1393 647 1460 Sic
662 1391 787 1476 incipit:
805 1397 826 1430 “
836 1387 931 1465 Quia,
948 1389 1028 1454 sicut
1044 1390 1215 1474 Apostolus
1230 1391 1283 1468 ait,
1295 1389 1370 1456 Siue
1383 1389 1462 1454 Fide
1473 1389 1664 1476 impossibile
1671 1405 1719 1458 eet
1732 1393 1856 1478 plaeere
1871 1397 2009 1466 Μ’...

528 1539 559 1596 6.
591 1531 787 1595 senuerunt
802 1544 1023 1590 orrensonuu
1039 1525 1239 1591 Docroruu
1255 1545 1363 1591 suern
1373 1546 1501 1591 munus
1513 1525 1654 1594 Turro:
1670 1547 1891 1600 annuorum
1908 1535 2011 1605 Psan-

592 1659 731 1706 nonurt.
988 1661 992 1672 ·
1863 1645 1916 1712 fol.
1935 1659 2006 1718 192.

596 1753 755 1836 Excerpta
768 1748 914 1813 videntur
928 1749 1158 1814 miscellaneae
1176 1749 1386 1834 Scriptoribus
1401 1749 1546 1837 antiquis.

530 1893 559 1956 7.
592 1885 761 1952 Errsroni
777 1886 933 1950 Annum:
957 1883 1153 1947 Auousrmr
1171 1883 1366 1948 Yronnusrs
1391 1881 1560 1962 Eruscorr,
1585 1905 1629 1949 ur
1645 1907 1814 1955 ruausrru
1836 1891 2010 1964 Junomur

593 2019 637 2062 nu
654 1997 841 2061 Cromen.
1864 2003 1916 2070 sol.
1932 2015 2007 2098 001.

594 2109 648 2174 Sic
662 2107 788 2192 incipit:
806 2115 827 2148 “
837 2105 1069 2171 Gloriosissime
1078 2103 1151 2168 fidei
1167 2105 1293 2182 athleta,
1306 2117 1411 2170 sancte
1425 2107 1533 2170 metris
1545 2105 1685 2173 Ecclesie
1696 2109 1775 2195 lapis
1789 2115 2011 2202 angularis'’-

594 2219 716 2284 Eadem
731 2229 787 2296 est,
804 2239 875 2304 quae
890 2217 970 2280 inter
983 2215 1105 2300 Scripta
1122 2216 1301 2302 Augustino
1321 2217 1481 2300 supposita
1495 2218 1618 2306 legitur,
1644 2219 1786 2306 Epistola
1800 2225 1839 2288 ad
1857 2227 2010 2314 Cyrillum

595 2330 920 2416 Hierosolymitanum
942 2327 982 2392 de
997 2327 1141 2392 laudibus
1159 2327 1347 2415 Hieronymi
1364 2329 1593 2396 Stridonensis:
1618 2331 1763 2423 Quoque
1784 2349 1820 2401 ut
1841 2341 1946 2423 spuria
1961 2365 2011 2408 re.

588 2446 705 2530 jicitur,
721 2443 794 2530 quia
810 2441 946 2528 Cyrillus
962 2451 1034 2504 ante
1051 2441 1283 2526 Hieronymum
1298 2443 1439 2508 mortuus
1454 2455 1510 2508 est.

531 2593 561 2648 8.
593 2581 736 2646 Crnrmr
754 2601 797 2642 nn
814 2578 1049 2642 Auousrruuu
1068 2577 1271 2642 Rrsrousro.
1864 2587 1917 2654 fol,
1933 2599 2007 2658 204⁸

596 2692 648 2756 Sic
671 2690 797 2773 incipit:
838 2687 1047 2750 “Venerabili
1073 2687 1149 2765 viro,
1179 2687 1408 2774 Episcoporum
1437 2689 1563 2768 eximio,
1591 2693 1770 2779 Augustino
1795 2695 2011 2782 Yponensium

640 2811 661 2842 “
677 2800 846 2885 Episcopo,
865 2797 993 2862 Cirillus
1008 2797 1278 2862 Jerosolimitonus
1296 2799 1470 2862 Presul”-

596 2912 746 3000 Ejusdem
761 2922 808 2972 est
823 2929 894 2971 cum
909 2905 1063 2990 superiori
1079 2903 1261 2969 Commntis.

448 3205 482 3280 6.
510 3204 663 3278 Dirum.
680 3225 727 3274 ur
746 3198 893 3272 Esnnns
911 3220 1082 3270 ouosarr.

579 3349 718 3436 Exhibet
740 3347 792 3410 hic
818 3345 929 3410 Codex
954 3345 1093 3409 Textum
1120 3366 1192 3407 cum
1217 3345 1331 3410 Glossi
1355 3345 1512 3411 ordinarii
1534 3359 1566 3410 et
1587 3347 1787 3415 interlineari.
1833 3355 1955 3423 Textus
1981 3361 2014 3425 in

534 3462 639 3528 medio
653 3473 709 3537 est,
733 3470 764 3522 et
779 3457 924 3542 utrinque
939 3457 1113 3542 oppositam
1135 3456 1230 3520 habet
1249 3457 1405 3535 Glossem‚
1427 3457 1487 3522 nisi
1509 3458 1541 3522 in
1562 3461 1714 3544 partibus,
1737 3487 1809 3551 quae
1823 3467 1855 3530 in
1873 3468 2016 3540 Hebraeo

534 3595 599 3636 non
625 3572 791 3658 leguntur:
815 3579 850 3630 ut
873 3567 905 3629 in
922 3566 1054 3631 Cuntico
1077 3567 1172 3629 trium
1194 3588 1384 3651 puerorum:
1413 3566 1557 3632 Historia
1580 3571 1752 3650 Susarmae:
1776 3589 1808 3640 et
1831 3577 1901 3644 Beli
1922 3597 2016 3672 atque

534 3682 710 3758 ‘ommno
726 3679 839 3768 quibus
854 3677 941 3741 nnn
956 3677 1072 3742 Glossa
1086 3677 1275 3765 adjungitur.
1321 3678 1533 3744 nemean
1549 3681 1663 3746 Glossa
1678 3662 1769 3751 vnde
1783 3687 1885 3755 brevis
1900 3707 1958 3760 0⁸1,

580 3794 699 3860 Esdras
713 3789 930 3875 complectitur
943 3787 1037 3850 etiam
1053 3786 1250 3852 Nehemiem.

580 3906 702 3971 Textus
727 3899 896 3986 majoribus
922 3899 1018 3961 literis
1044 3897 1209 3973 scribitur:
1235 3897 1408 3964 minoribus
1435 3899 1551 3966 Glossa
1573 3902 1777 3994 Morginnum
1805 3911 2016 3984 hoeffinwis

536 4017 682 4084 minimis.
727 4013 843 4078 Literae
858 4009 1043 4075 acuminato
1065 4019 1147 4084 sunt,
1170 4019 1202 4071 et
1224 4007 1367 4074 accurate
1389 4009 1559 4078 admodum
1576 4015 1726 4084 formatae.
1773 4021 1940 4093 Hodierna
1955 4029 2018 4096 Ca.

536 4131 638 4217 pitum
653 4125 811 4190 distinctio
825 4143 888 4183 non
911 4131 1061 4182 servatur.
1106 4117 1240 4182 Videtur
1261 4141 1426 4208 assurgere
1447 4121 1489 4186 ad
1510 4137 1634 4192 aemtgm
1651 4127 1800 4218 Hugonj,
1822 4135 1863 4201 de
1879 4137 2019 4208 putem

540 4237 699 4325 Episcopi,
716 4235 770 4321 qui
784 4231 861 4295 obiit
875 4251 959 4294 anno
976 4237 1079 4296 1195:
1101 4229 1180 4294 adeo
1195 4243 1231 4294 ut
1245 4253 1344 4296 anuos
1360 4241 1423 4298 500
1439 4247 1575 4318 superet,

585 4349 624 4414 ln
639 4345 739 4410 fronte
753 4343 825 4406 libri
839 4341 909 4404 haec
922 4351 998 4404 nota
1008 4340 1154 4404 scribitur
1167 4364 1187 4404 a
1200 4363 1296 4406 manu
1309 4339 1392 4406 libro
1405 4342 1475 4428 ipso
1489 4365 1554 4408 non
1562 4345 1661 4410 multo
1675 4353 1859 4418 recentiori:
1884 4366 1906 4400 a
1918 4359 2018 4431 Hunc

543 4469 565 4502 ‘⁶
579 4459 694 4522 librum
716 4453 804 4518 dedit
827 4452 936 4516 Frater
952 4451 1113 4516 Henricus
1134 4451 1175 4515 de
1190 4451 1352 4516 Goreham
1367 4451 1441 4517 Deo
1462 4465 1494 4519 et
1517 4456 1577 4522 8ἔο
1601 4457 1714 4538 Marie,
1737 4475 1769 4526 et
1792 4465 1855 4530 sto
1870 4468 2019 4540 oswino:

542 4581 564 4614 ‘⁶
579 4570 633 4655 (de
667 4563 886 4655 Tynemouth)
917 4585 1011 4650 quern
1043 4563 1096 4650 qui
1122 4563 1312 4642 alienaverit,
1348 4563 1397 4628 vel
1423 4565 1548 4632 titulum
1579 4567 1738 4651 deleverit,
1764 4576 1943 4648 Anathema
1965 4588 2015 4652 sit.

541 4683 678 4748 Arrun.''
727 4678 780 4744 De
794 4675 855 4741 hoc
872 4673 1015 4740 Henrico
1029 4673 1107 4738 nihil
1121 4687 1316 4760 compertum
1330 4673 1448 4741 habeo.

456 4986 491 5064 7.
519 4975 641 5049 Isaris
667 4989 867 5042 onosarus.

588 5119 698 5186 Habet
719 5117 751 5180 in
773 5113 877 5179 medio
892 5111 1031 5178 Textum
1053 5135 1126 5177 cum
1142 5111 1258 5177 Glossa
1280 5105 1495 5178 interlineari:
1519 5105 1727 5206 Fi'utrinque
1748 5122 1782 5188 in
1803 5130 1944 5218 margine
1966 5155 2023 5221 ap.

541 5233 668 5322 ponitur
684 5229 800 5295 Glossa
815 5225 994 5292 Ordinaria.

586 5345 728 5428 Scriptus
743 5352 790 5404 est
803 5337 855 5402 bic
871 5336 983 5402 Codex
997 5331 1138 5422 pulchre,
1161 5332 1257 5396 literis
1272 5332 1434 5412 rotundis:
1457 5346 1489 5399 et
1502 5357 1583 5422 pene
1604 5341 1646 5405 ad
1661 5352 1725 5409 600
1740 5368 1839 5414 annos
1853 5353 2022 5420 ascendere

543 5455 674 5519 videtur.
721 5451 783 5517 Sed
799 5450 953 5534 scriptura
966 5447 1069 5534 prima
1082 5442 1197 5508 desinit
1211 5443 1243 5505 in
1258 5465 1349 5508 versu
1372 5452 1438 5509 18*ο
1454 5445 1574 5534 Capitis
1589 5451 1667 5517 68¹³:
1692 5455 1790 5534 Quod
1805 5463 1943 5550 sequitur
1958 5471 2009 5552 (us

543 5565 660 5652 quoad
675 5584 798 5627 versum
811 5559 1032 5646 penultimum)
1048 5567 1095 5620 est
1110 5555 1151 5620 ab
1166 5555 1225 5621 alit
1240 5577 1345 5634 manu,
1364 5551 1542 5645 Glossbqire
1557 5575 1651 5627 caret.

588 5675 627 5740 Iu
641 5673 759 5738 fronte:
784 5680 805 5714 “
818 5671 915 5736 Liber
932 5669 1038 5736 Sancti
1056 5667 1187 5732 Cuthbti
1202 5667 1241 5732 de
1256 5665 1408 5732 Dunelr‘ir.
1424 5668 1464 5733 de
1479 5669 1508 5734 le
1523 5669 1770 5756 splendement.”

461 5975 495 6040 8.
524 5971 556 6040 1.
575 5961 797 6044 Evnuounm
814 5967 860 6031 4:
889 5955 1092 6030 Pnorrmru
1112 5961 1157 6026 12
1183 5976 1373 6026 nruoaus:
1403 5952 1604 6030 Pannuouu
1623 5957 1853 6044 Souorrorus.
1929 5940 1932 5948 ⁵

604 6109 715 6176 Lineae
729 6107 763 6170 in
784 6105 889 6170 medio
911 6104 1019 6168 divisae
1041 6115 1132 6166 sunt:
1158 6100 1275 6164 Literoe
1296 6102 1492 6184 acmninatae,
1514 6105 1654 6186 minute,
1676 6109 1844 6200 elegantes.
1888 6117 1929 6186 In
1942 6141 2027 6189 mar·
