4592 7850
783 1073 969 1130 rectane
994 1073 1269 1130 numentana.
1683 1057 1758 1138 309

58 1274 99 1350 C.
112 1273 182 1348 IV.
200 1284 259 1354 24.
341 1279 381 1344 In
396 1277 478 1342 fine:
503 1281 525 1318 ‘⁴
537 1273 721 1362 Expliciunt
734 1274 916 1342 Dictamine
931 1276 1078 1367 Magistri
1095 1279 1181 1344 Petri
1196 1277 1236 1342 de
1251 1273 1389 1342 Vineis.”

67 1370 185 1421 Qunam.

343 1389 476 1474 Scriptoe
490 1401 564 1452 sunt
576 1387 665 1452 lineis
680 1388 827 1477 integris:
849 1389 945 1454 literis
959 1391 1073 1474 parvis,
1089 1390 1238 1466 cursivis3
1254 1401 1326 1454 ante
1339 1409 1438 1454 annos
1452 1386 1585 1473 amplius
1601 1395 1674 1454 800.

343 1499 513 1586 Subjicitur
527 1497 576 1563 his
592 1497 741 1585 Epistolis
764 1501 952 1586 (abcidens,
975 1511 1010 1567 ut
1023 1501 1156 1582 ridetur,
1170 1503 1280 1584 mauu)
1303 1499 1446 1586 Epistola
1460 1499 1755 1566 Panormitauoruur

383 1608 425 1674 ad
451 1608 671 1676 Messanenses
695 1611 754 1677 sub
780 1611 945 1680 Pharaone
968 1633 1154 1700 oppressos:
1187 1611 1249 1702 qui
1270 1610 1436 1678 hortantur
1456 1634 1510 1678 eos
1531 1612 1626 1678 armis
1647 1613 1758 1678 sumtis

385 1719 540 1787 servitutis
549 1723 663 1812 jugum
677 1733 833 1790 excutere.

343 1831 396 1897 Sic
410 1831 537 1918 incipit:
562 1831 762 1899 “Nobilibus
776 1835 895 1902 civibus
909 1835 995 1902 urbis
1010 1835 1135 1926 egregie
1151 1829 1667 1925 Messanemis--Consurge
1682 1857 1759 1904 con·

372 1951 393 1984 “
408 1964 511 2032 surge,
527 1941 592 2008 filia
608 1943 704 2032 Syon,
720 1959 753 2011 et
765 1945 896 2011 induere
910 1945 1091 2012 fortitudine
1104 1943 1222 2012 tutr’-

328 2053 390 2119 Per
413 2052 610 2120 Pharaonem
632 2054 754 2121 videtur
774 2055 947 2145 intelligere
970 2055 1165 2124 Fridericum
1180 2051 1250 2122 2⁶¹⁹·
1265 2057 1500 2144 Imperatorem,
1523 2058 1613 2146 cujus
1632 2057 1759 2123 nomine

385 2176 417 2232 et
430 2165 523 2231 causi
544 2167 757 2254 praecedentes
780 2167 931 2255 Epistolae
945 2168 1070 2255 scriptoe
1090 2181 1165 2234 sunt
1184 2191 1205 2234 a
1221 2168 1316 2234 Petro
1329 2167 1370 2234 de
1392 2167 1510 2232 Vincis.
1555 2167 1607 2233 De
1622 2191 1660 2233 eo
1674 2169 1759 2234 euim

384 2276 510 2342 scribit:
535 2285 556 2320 “
567 2277 633 2344 Hic
647 2291 694 2344 est
715 2281 798 2344 enim
815 2281 911 2346 Satan
932 2281 1051 2346 solutus
1073 2303 1093 2344 a
1106 2279 1237 2346 vinculis
1250 2293 1322 2370 post
1347 2287 1429 2346 1200
1443 2281 1605 2344 annos”-
1620 2277 1670 2344 Eo
1684 2300 1760 2344 vero

384 2385 489 2452 seculo
504 2387 582 2451 vixit
597 2387 774 2456 Fridericus
790 2387 856 2456 2⁶²⁸.

342 2495 387 2564 Et
400 2497 440 2563 de
454 2498 603 2564 militibus
617 2499 680 2565 ait:
705 2501 786 2568 “Ut
801 2501 930 2582 Gentes,
953 2503 1008 2590 qui
1023 2501 1176 2568 Ebrietati
1197 2501 1386 2582 deserviunt,
1397 2504 1509 2592 jugum
1523 2501 1614 2566 nobis
1629 2499 1759 2566 servitu-

387 2610 462 2674 “tis
476 2611 737 2698 imponerent’-
752 2611 801 2679 Ea
814 2627 918 2680 autem
933 2627 1009 2679 nota
1024 2614 1192 2682 Germanis
1206 2614 1372 2679 convenire
1387 2635 1511 2699 semper
1524 2611 1643 2676 credita
1656 2623 1712 2676 est.

343 2719 394 2786 Eo
408 2733 549 2810 tempore
566 2721 743 2790 Fridericus
757 2747 868 2814 graves
882 2727 1022 2792 exercuit
1043 2727 1219 2791 inimicitias
1234 2749 1307 2791 cum
1324 2725 1420 2812 Papt,
1437 2725 1491 2812 qui
1505 2723 1610 2788 hostes
1625 2723 1658 2786 in
1673 2721 1762 2786 illum

386 2832 525 2920 undique
547 2835 728 2902 concitavit:
751 2849 783 2900 et
807 2849 874 2902 tum
896 2837 1024 2902 demum
1046 2835 1233 2903 Guelforum
1255 2850 1286 2901 et
1310 2835 1551 2914 Gibeilinorum,
1578 2833 1690 2922 quibus
1704 2851 1765 2918 per

385 2943 501 3010 multos
515 2967 614 3010 annos
629 2946 801 3010 Germania
815 2961 846 3014 et
862 2947 953 3012 Italia
966 2960 1086 3014 vexatoe
1100 2947 1196 3028 fuere,
1212 2947 1360 3014 sactiones
1374 2959 1493 3012 exortoe
1508 2957 1590 3010 suut

286 3115 317 3176 5.
339 3107 527 3174 Drorauun
542 3129 586 3174 uu
601 3129 868 3177 consermeuors
884 3111 1071 3177 Errsronrs.
1576 3103 1672 3168 Foliis
1688 3111 1718 3168 t.

344 3221 498 3285 Sectionis
516 3229 582 3300 1²¹²,
599 3221 659 3308 qud
673 3222 885 3308 Epistularum
900 3223 1015 3288 utilitas
1030 3221 1213 3300 ostenditur,
1228 3240 1302 3305 pars
1316 3218 1419 3302 prima
1433 3217 1473 3280 ab
1487 3216 1619 3280 humore
1634 3233 1765 3299 corrup·

385 3332 495 3420 talogi
509 3353 573 3396 non
587 3347 699 3418 potest.

345 3443 491 3510 Secunda
505 3446 549 3509 sic
564 3446 692 3531 incipit:
717 3454 739 3487 “
750 3446 941 3532 Principales
956 3457 1060 3531 partes
1082 3443 1259 3510 dictaminis
1274 3453 1346 3506 sunt
1361 3450 1401 3506 4:
1426 3439 1587 3517 salutatio,
1604 3437 1762 3517 Narratio,

388 3562 410 3596 ‘⁸
427 3555 550 3634 Potitio,
569 3556 768 3621 Conclusio.”

344 3663 456 3730 Lineoe
481 3666 589 3730 divisae
614 3678 704 3730 sunt:
727 3666 826 3730 litera:
847 3666 1030 3744 medioeres,
1051 3665 1161 3730 leviter
1183 3663 1386 3730 amminatae:
1407 3672 1483 3728 retas
1502 3680 1657 3728 umorum
1671 3657 1762 3725 circi-

386 3787 435 3840 ter
449 3776 759 3865 quadringentorum.

286 3945 317 4002 6.
345 3936 475 4002 Suntne
496 3938 604 4002 Anrrs
625 3937 837 4003 Drornurnrs
860 3955 1048 4002 comrosrrn
1070 3955 1091 3999 n
1114 3929 1268 4000 Mariano
1290 3949 1334 3997 nn
1357 3929 1457 3997 Lran.
1479 3927 1576 3995 Nor‘.
1605 3945 1649 3994 nr
1673 3923 1783 3993 Bou„

386 4047 443 4128 [de
458 4047 564 4112 Libris
580 4047 713 4112 Notario
726 4048 767 4113 de
782 4047 954 4128 Bouourib]

345 4159 398 4224 Sic
412 4155 540 4244 incipit:
565 4166 587 4200 ‘⁶
602 4157 762 4236 Quoniam
777 4159 841 4224 Ars
862 4158 1026 4224 dictatoria
1049 4155 1191 4237 Prelatie,
1215 4154 1424 4241 Principibus,
1448 4164 1480 4217 et
1493 4149 1683 4238 quibuslibet
1696 4149 1766 4214 aliis

388 4272 636 4358 “cujuscunque
650 4270 837 4335 conditionis
858 4270 977 4356 optima
998 4267 1188 4345 dinoscitur:
1213 4266 1284 4354 Ego
1300 4264 1450 4332 Matbeue
1464 4261 1571 4350 q⁰dam
1593 4265 1650 4342 [an
1664 4281 1765 4346 quon·

390 4390 413 4424 «ι
425 4381 539 4464 nme]
553 4382 676 4447 nibem
691 4381 731 4446 oe
746 4380 852 4447 nens
866 4357 947 4446 not.
963 4379 1044 4446 Bon.
1060 4379 1198 4444 cinr-

345 4490 536 4560 Mattbaeum
550 4493 635 4559 hunc
652 4493 760 4559 Civem
775 4492 869 4558 fuisse
884 4491 1116 4558 Bononiensem
1129 4489 1198 4555 baec
1212 4500 1288 4554 nota
1301 4485 1436 4552 indicat:
1450 4482 1600 4572 quidnam
1613 4492 1767 4568 praterea

387 4603 491 4684 buerit,
515 4611 635 4692 (utrum
650 4604 800 4671 Notarius
813 4605 968 4691 publicus,
992 4625 1032 4668 an
1055 4603 1178 4668 Alberti
1199 4599 1361 4688 eujusdam
1383 4593 1543 4674 Notarius,
1566 4592 1616 4658 vel
1632 4590 1767 4673 Scriba)

387 4739 453 4783 non
467 4717 574 4805 liquet
619 4717 745 4784 Nomen
760 4717 844 4784 certe
857 4719 924 4804 ejus
944 4718 1026 4782 inter
1048 4713 1307 4782 Bibliothecarios
1331 4711 1505 4796 Scriptores
1526 4706 1641 4771 frum
1655 4701 1769 4790 quaesi·

388 4841 456 4894 tum
470 4841 527 4894 est

348 4939 472 5027 Scn'pta
486 4953 533 5006 est
546 4941 616 5006 haec
638 4941 768 5008 Summa
788 4941 877 5005 lineis
899 4941 1073 5017 continuis;
1095 4938 1192 5003 literis
1206 4935 1321 5022 parvis,
1343 4932 1441 4999 mods
1449 4953 1459 5010 ;
1481 4938 1554 4996 ante
1567 4945 1668 4994 annos
1680 4909 1768 5012 piru·

389 5075 483 5138 quam
498 5063 662 5118 trecentos.

350 5161 431 5226 Sunt
445 5163 518 5228 solia
536 5174 585 5230 19.

350 5272 563 5361 Subjiciuntur
577 5274 618 5341 ab
632 5276 692 5342 alit
707 5299 812 5356 manu,
828 5287 1002 5343 atramento
1014 5272 1143 5362 pallido,

394 5391 424 5452 1.
447 5385 599 5472 Epistola:
613 5388 758 5475 quaedem
772 5389 843 5454 eliae
857 5413 865 5453 :

390 5504 422 5561 2.
445 5495 488 5562 Et
501 5497 550 5564 bis
566 5497 718 5586 Epistola
730 5501 811 5580 aliae,
825 5499 908 5565 foliis
922 5505 974 5587 ἣ,
989 5500 1087 5566 literis
1101 5496 1320 5574 mediocribus,
1336 5488 1540 5560 acuminatis:

392 5617 422 5673 8.
446 5609 489 5674 Et
509 5611 575 5677 istis
597 5612 732 5699 denique
753 5613 823 5678 aliae
847 5613 945 5678 literis
965 5613 1149 5690 minoribus,
1176 5609 1284 5688 acutis,
1309 5605 1389 5672 toliis
1414 5613 1464 5682 13,
1491 5597 1533 5666 ad
1552 5594 1649 5666 finem
1669 5610 1770 5679 utque

434 5719 518 5788 iibri.
