4634 7874
491 1034 568 1116 too
1026 1067 1185 1124 contens
1203 1071 1462 1128 uuuuscnrrrt

207 1175 496 1364 ξῦὲἔῖξωι,
526 1269 579 1330 811.
602 1261 657 1330 De
672 1263 813 1332 huone
827 1266 882 1355 qui
902 1270 1002 1353 (anno
1016 1273 1143 1354 rucuxv)
1165 1271 1283 1340 librum
1297 1287 1394 1342 noctu
1409 1274 1442 1340 in
1459 1273 1580 1340 Eccles.
1597 1273 1637 1342 Β.
1655 1277 1824 1346 cuthberti
1839 1283 1992 1351 Dunelm.

601 1379 733 1458 hrratus,
748 1401 905 1470 nusquam
919 1381 1006 1450 abire
1021 1385 1124 1472 potuit
1138 1388 1197 1454 &c
1240 1410 1273 1475 p.
1295 1397 1365 1460 197.

529 1523 581 1582 88.
604 1515 777 1594 Quomodo
800 1517 943 1586 Abbates
965 1521 1061 1610 grisei
1083 1521 1203 1588 ordinis
1224 1523 1479 1610 (Cistercienses)
1505 1526 1611 1592 miultis
1634 1527 1697 1592 sint
1718 1529 1831 1597 diebus
1850 1533 1891 1599 ad
1906 1557 1993 1602 mare

606 1627 734 1710 detenti,
758 1642 791 1697 ct
809 1631 903 1718 prosi
927 1633 959 1698 18
975 1633 1097 1700 honore
1113 1635 1152 1700 Β.
1170 1635 1338 1702 Cuthberti
1353 1637 1491 1724 perfecti
1507 1637 1547 1702 ab
1566 1637 1757 1706 AEthelredo
1773 1643 1899 1712 Abbate
1916 1647 1993 1714 Rie-

605 1741 745 1822 vallensi,
761 1743 865 1808 statim
881 1745 992 1810 ceteris
1006 1745 1139 1811 navibus
1154 1747 1301 1812 omnihus
1316 1747 1403 1812 abire
1416 1771 1481 1812 non
1497 1749 1681 1832 valentibus,
1698 1751 1740 1818 ad
1765 1755 1914 1843 Aogliam
1931 1760 1993 1826 sint

606 1853 666 1940 ipsi
681 1875 754 1921 cum
770 1855 835 1920 suis
850 1857 984 1942 appulsi.
1040 1857 1124 1924 Haec
1140 1857 1287 1924 dominus
1305 1859 1513 1927 Rievallensis
1534 1860 1626 1926 nobis
1642 1883 1736 1948 quam
1751 1865 1856 1951 sepius
1875 1869 1993 1948 retulit,

605 1969 661 2056 qui
675 1969 831 2036 veridicus
846 1971 943 2038 188118.
988 1993 1020 2058 p.
1036 1981 1112 2040 200.

528 2111 581 2170 81.
605 2103 658 2170 De
683 2105 812 2194 cingulo
832 2105 935 2172 ferreo
958 2107 1044 2194 apud
1067 2121 1184 2172 terram
1213 2107 1376 2174 Pictorum
1400 2107 1432 2170 in
1461 2107 1602 2174 Ecclesii
1629 2109 1667 2175 B.
1692 2111 1861 2180 Cuthberti
1884 2119 1993 2186 vocati

608 2215 803 2283 Cuthbrictis
820 2217 964 2284 Khirche
978 2219 1030 2285 dic
1049 2221 1147 2305 ipsius
1161 2219 1333 2284 festivitatis
1355 2218 1506 2298 detracto,
1530 2233 1563 2284 et
1580 2221 1744 2288 Penitente
1769 2227 1935 2294 avinculis
1957 2231 1995 2296 li-
2085 2241 2094 2274 ⁸

607 2327 728 2394 berato.
784 2327 890 2396 Testis
907 2329 1066 2396 Dominus
1090 2329 1200 2396 Abbas
1225 2329 1431 2395 Rievallcnsis
1453 2331 1508 2418 qui
1523 2353 1608 2396 anno
1629 2333 1670 2398 ab
1692 2333 1908 2404 incarnatione
1923 2341 1994 2408 Do·

608 2439 686 2504 mini
700 2461 840 2508 ucuxrrr
853 2441 895 2508 ad
909 2456 1025 2508 terram
1043 2441 1206 2508 Pictorum
1220 2455 1394 2508 accesserat
1407 2455 1440 2506 et
1454 2443 1606 2508 miraculo
1622 2445 1770 2512 interfuit.
1813 2471 1847 2536 p.
1863 2459 1938 2519 103.

532 2589 584 2649 811.
606 2581 660 2648 De
676 2581 849 2648 scolastico
863 2581 1001 2670 quodam
1018 2581 1180 2648 Pictorum
1195 2583 1372 2660 temerario,
1388 2581 1496 2671 linguai
1510 2581 1673 2656 Pictorum
1689 2585 1877 2655 Soollollbcs
1891 2594 1994 2657 nomi·

608 2705 694 2771 nato,
710 2693 765 2782 qui
779 2693 813 2758 in
835 2692 887 2760 die
904 2693 1011 2760 Sancti
1028 2692 1196 2758 Cuthberti
1216 2715 1327 2780 pacem
1351 2693 1515 2780 Cymiterii
1539 2693 1636 2779 ipsius
1658 2697 1745 2782 apud
1761 2697 1993 2768 Cuthbrictisk·

609 2803 737 2872 chirche
751 2803 854 2896 fregit,
879 2819 911 2872 et
926 2817 1052 2872 taurum
1074 2803 1277 2870 introducens
1303 2826 1376 2870 cum
1399 2825 1438 2870 eo
1460 2803 1704 2894 lusit-qualem
1727 2809 1854 2878 ultionis
1875 2835 1991 2900 penum

610 2919 773 3006 receperit
818 2939 850 3006 p.
867 2925 942 2986 rot.

533 3065 584 3122 86.
608 3056 662 3123 De
678 3057 783 3124 Cervo
808 3057 957 3145 quodam,
985 3078 1079 3145 quem
1101 3055 1217 3120 nostris
1240 3055 1362 3133 diebus,
1389 3075 1474 3120 armo
1495 3077 1539 3122 88.
1556 3076 1679 3136 ucaxv,
1706 3058 1888 3128 Radbertus
1910 3065 1993 3131 filius

611 3168 761 3256 Philippi,
777 3169 867 3234 miles
882 3169 915 3232 in
927 3167 1128 3234 Laudooeosi
1141 3165 1319 3244 Provincia,
1335 3178 1449 3232 888818
1464 3189 1577 3254 capere
1592 3168 1749 3256 cupiebat,
1761 3171 1802 3238 ad
1820 3173 1994 3242 Ecclesium

610 3279 649 3346 B.
667 3280 836 3346 Cuthberti
850 3279 1255 3370 oonhrgientc-quomodo
1270 3300 1363 3344 canes
1379 3280 1578 3368 insequentes
1592 3303 1676 3360 eum,
1700 3281 1814 3348 limites
1829 3289 1993 3372 cymeterii

610 3414 675 3458 non
689 3391 851 3480 potuerint
865 3391 1028 3471 excedere,
1044 3402 1076 3458 et
1089 3389 1221 3458 latratus
1235 3390 1381 3457 herentes
1396 3391 1429 3456 in
1443 3403 1571 3482 gutture
1587 3413 1651 3458 non
1665 3393 1825 3460 audebant
1837 3398 1992 3464 emittere.

610 3527 643 3593 p.
660 3513 734 3574 205.

531 3649 583 3714 87.
608 3641 781 3722 Quomodo
794 3641 879 3708 idem
895 3641 1016 3707 Cervus
1031 3639 1133 3706 lilium
1147 3641 1214 3727 ejus
1229 3639 1283 3728 qui
1298 3661 1371 3704 eum
1385 3639 1499 3706 leserat
1519 3651 1552 3706 et
1567 3639 1606 3706 B.
1624 3639 1789 3706 Cuthberti
1803 3664 1916 3728 pacem
1930 3643 1995 3710 he·

607 3767 699 3844 gerat
713 3777 821 3821 coram
835 3755 982 3820 omnibus
996 3753 1157 3834 occiderit,
1180 3753 1347 3842 ipsumque
1361 3752 1464 3818 solum
1486 3753 1679 3820 dinoscendo
1702 3754 1855 3840 impetens
1868 3753 1992 3822 nullum

606 3881 783 3936 ceterorum
797 3867 922 3934 laeserit.
965 3889 998 3954 p.
1014 3875 1089 3938 807.

529 4015 582 4074 88.
606 4005 762 4086 Qualiter,
785 4017 858 4092 post
871 4003 946 4070 anni
960 4001 1137 4082 dimidium,
1162 4000 1298 4082 Artifex,
1314 4001 1466 4068 88818181
1486 4001 1542 4068 sui
1564 4023 1665 4068 cornu
1681 4003 1775 4068 Cervi
1790 4003 1924 4088 predicti
1945 4027 1994 4070 se·

606 4117 710 4184 cando
724 4117 880 4195 institerit,
904 4116 1093 4204 sanguisque
1116 4135 1192 4178 mox
1223 4111 1388 4203 egrediens
1419 4127 1591 4178 secatorem
1617 4113 1649 4176 in
1672 4113 1774 4180 fronte
1805 4115 1994 4200 percusserit

607 4231 665 4296 &c
712 4227 797 4294 Hoec
810 4226 927 4304 omniu,
944 4249 1016 4292 cum
1031 4223 1132 4292 tribus
1146 4223 1305 4290 miraculis
1320 4223 1571 4312 precedentibus,
1588 4247 1608 4288 a
1620 4223 1761 4289 Domino
1774 4223 1870 4290 Patre
1884 4239 1994 4292 nostro

606 4343 796 4412 AEthelredo
812 4341 1060 4410 Rievallensium
1082 4341 1209 4408 Abbate
1224 4339 1402 4419 didicimus,
1427 4339 1482 4428 qui
1497 4339 1609 4405 eodem
1624 4353 1767 4428 tempore
1789 4339 1991 4408 Laudoniam

604 4458 744 4536 veniens,
768 4467 800 4523 et
816 4453 1052 4544 Maylrosenses
1067 4453 1214 4531 invisens,
1239 4452 1398 4518 Abbatem
1419 4451 1535 4517 ibidem
1551 4451 1610 4516 sibi
1626 4451 1768 4518 retulisse
1782 4453 1917 4518 asseruit
1926 4477 1936 4530 ;
1961 4463 1994 4518 et

607 4567 648 4634 ab
662 4568 775 4635 codem
792 4566 958 4634 Rodberto
979 4564 1046 4630 filio
1063 4563 1213 4650 Philippi,
1232 4561 1337 4630 Milite
1360 4565 1439 4650 ipso,
1462 4564 1517 4651 qui
1532 4575 1565 4628 et
1583 4563 1681 4650 ipsius
1696 4565 1729 4628 in
1750 4565 1899 4654 conjugio
1912 4585 1992 4652 nap-

608 4693 672 4746 tem
686 4679 792 4760 habet,
807 4679 950 4766 predicta
964 4699 1039 4744 vera
1052 4675 1148 4742 fuisse
1162 4697 1227 4740 non
1243 4675 1339 4740 semel
1354 4675 1481 4740 audiuit.
1527 4697 1558 4760 p.
1574 4683 1650 4742 111.

528 4827 580 4886 89.
604 4815 658 4884 De
673 4817 773 4906 Signo
787 4815 927 4904 quodam
941 4815 974 4879 in
991 4812 1101 4880 Choro
1118 4811 1157 4878 B.
1174 4809 1343 4878 Cuthberti
1358 4833 1455 4898 supra
1468 4811 1620 4897 parietem
1631 4811 1994 4900 pendente-quomodo

606 4928 744 5018 quodam
761 4925 874 4994 Fratre
889 4925 1075 4994 Alexandro
1097 4925 1265 4990 innocente
1288 4923 1366 4988 illud
1388 4921 1532 4988 trahente
1547 4945 1643 5010 super
1664 4921 1794 4990 fratrem
1810 4937 1994 4990 veteranum

604 5039 762 5119 ceciderit,
775 5053 807 5106 et
815 5037 989 5105 astantibus
1006 5035 1045 5104 B.
1057 5035 1269 5102 Cuthbertum
1281 5033 1525 5100 acclamantibus
1547 5057 1605 5100 nec
1617 5059 1650 5099 se
1666 5036 1846 5101 contriverit
1860 5057 1920 5102 nec
1931 5034 1995 5100 fra·

607 5165 689 5219 trem
703 5152 829 5218 laeserit.
873 5173 906 5239 p.
922 5159 999 5218 214.

527 5298 579 5356 90.
603 5285 787 5366 Quomodo,
803 5297 946 5372 tempore
963 5284 1061 5373 Regis
1079 5281 1232 5370 Stephani
1248 5281 1399 5359 Gloriosi,
1418 5281 1558 5370 Rogerio
1570 5281 1696 5360 Paveie,
1711 5283 1943 5368 prepositorum
1958 5282 1993 5346 in

607 5397 747 5466 Castello
761 5397 802 5463 tle
817 5397 941 5464 'Ihresc
964 5395 1207 5472 constabulario,
1223 5395 1307 5458 circa
1322 5391 1440 5458 Tesam
1450 5393 1568 5458 flumen
1590 5395 1624 5456 in
1638 5393 1780 5479 partibus
1798 5393 1990 5460 Halivverca·

606 5511 669 5578 folc
683 5510 808 5598 praedas
823 5521 946 5599 agente,
958 5507 1155 5574 Willielmus
1165 5505 1294 5594 quidam
1308 5505 1437 5570 nomine
1451 5507 1569 5592 serjant
1584 5505 1683 5591 (quod
1694 5505 1880 5572 servientem
1890 5509 1995 5588 sonat)

607 5623 695 5712 apud
711 5621 900 5690 Hertbume
914 5617 1114 5686 commorans
1129 5618 1170 5684 atl
1187 5619 1402 5706 cymeterium
1416 5617 1457 5682 de
1474 5617 1647 5683 Sedberme
1662 5617 1835 5706 (Sedberg)
1850 5639 1922 5682 cum
1938 5617 1996 5682 bo-

487 5745 488 5748 ’
606 5739 666 5804 bus
681 5739 711 5804 81
733 5735 845 5802 ovibus
866 5755 927 5821 pro
941 5733 1030 5820 pacis
1052 5731 1248 5817 protectione
1272 5751 1458 5816 properans,
1485 5740 1595 5815 captus
1619 5741 1651 5794 et
1672 5730 1705 5793 in
1728 5750 1886 5794 carcerem
1907 5731 1994 5816 apud

606 5845 708 5916 Trcsc
743 5848 890 5914 detrusus
915 5841 1134 5934 sit—qualiter
1161 5843 1200 5909 Β.
1227 5842 1422 5908 cuthbertus
1447 5841 1662 5928 compeditum
1686 5841 1862 5922 miseratum,
1886 5841 1997 5908 multis

607 5961 719 6026 diebus
728 5960 787 6026 sub
804 5957 969 6047 Peregrini
983 5957 1098 6044 specie,
1114 5967 1274 6042 raptorem
1285 5975 1388 6032 suum,
1404 5965 1440 6019 ut
1451 5952 1614 6019 hominem
1627 5953 1661 6020 S.
1674 5951 1843 6020 Cuthberti
1856 5965 1992 6032 erueret,

610 6073 849 6152 commonuerit,
864 6082 897 6138 et
910 6069 1000 6158 quasi
1014 6067 1122 6134 multis
1136 6065 1234 6153 spinis
1248 6087 1304 6132 cor
1326 6065 1424 6152 ipsius
1438 6065 1618 6156 languentis
1633 6064 1853 6146 stimulaverit,
1872 6077 1906 6132 et
1919 6084 1995 6132 oao-
