4592 7850
1066 1037 1223 1093 comcns
1247 1038 1500 1094 manusculum

316 1429 446 1576 CfiAIEK.
461 1439 521 1507 025.
549 1433 774 1512 Reorsrnuru
792 1435 1046 1538 Parrnan[se]
1072 1461 1315 1514 nrvnnsnauu
1339 1463 1558 1514 mranaaun
1585 1437 1631 1512 de
1649 1438 1781 1516 Officio
1799 1442 2023 1523 cancellarie

442 1555 448 1567 '
1047 1559 1229 1657 Mo⁰chop
1253 1560 1428 1635 Dunebn.

592 1733 644 1800 Sic
659 1733 785 1818 incipit:
810 1731 1057 1798 “Intelleximus
1072 1733 1113 1797 ad
1127 1733 1255 1819 plenum
1269 1733 1384 1812 literas,
1400 1755 1477 1821 quas
1491 1733 1623 1820 probata
1636 1745 1739 1798 vestra
1752 1735 1903 1802 fidelitas”

591 1843 790 1910 Exlribentur
803 1845 855 1908 bic
870 1843 1035 1930 Exempla,
1051 1845 1115 1909 aive
1130 1843 1299 1922 Formuloe,
1322 1843 1543 1930 Epistularum,
1561 1844 1758 1926 Orationem,
1781 1861 1812 1912 et
1827 1849 2021 1918 Irrstrumen·

547 1969 651 2020 torum
673 1957 747 2042 varij
770 1955 963 2044 argumenti3
990 1977 1061 2041 quoe
1082 1953 1255 2020 accuratids
1278 1955 1456 2020 examinare
1479 1977 1544 2020 uon
1565 1955 1727 2022 videbatur
1747 1979 1852 2043 operae
1873 1963 2020 2046 pretium,

547 2067 633 2155 qudd
646 2089 711 2132 non
725 2090 840 2156 nragrro
854 2067 924 2132 usui
938 2064 1032 2130 bodie
1046 2087 1113 2130 esse
1127 2065 1256 2150 possint

593 2179 796 2246 praemittitur
818 2177 909 2264 (sorte
924 2191 1072 2264 tunquam
1088 2175 1319 2242 Promtuarium
1334 2175 1493 2264 quoddam
1508 2177 1541 2242 in
1556 2200 1647 2243 usum
1663 2179 1870 2264 Scriptorum)
1894 2183 2023 2274 Sylloge

550 2291 673 2356 vocum
687 2292 881 2378 alphabetico
903 2290 1013 2354 ordine
1034 2289 1263 2374 dispositarum,
1285 2289 1363 2352 etin
1380 2289 1527 2370 Nomina,
1552 2291 1667 2369 Verba,
1691 2291 1851 2358 Adverbia
1864 2293 2022 2360 distincta·

548 2426 639 2468 rum:
662 2426 794 2491 quarum
816 2403 973 2466 nonnullis
996 2399 1214 2486 Interpretatio
1240 2399 1375 2488 Anglica
1397 2399 1550 2488 adjicimr.
1610 2402 1658 2466 Ea
1679 2425 1752 2488 pars
1773 2427 1845 2490 quta
1866 2409 2023 2491 praecessit

548 2513 670 2578 literam
686 2513 728 2591 G,
745 2536 785 2578 ex
799 2513 860 2578 boc
877 2513 994 2577 Codice
1008 2513 1112 2576 excisa
1126 2523 1192 2576 est:
1215 2534 1287 2598 quae
1303 2511 1382 2576 Pars
1396 2511 1501 2576 adbuc
1515 2525 1666 2598 superest,
1682 2514 1790 2599 implet
1804 2515 1877 2582 solia
1895 2523 1965 2604 1η.

593 2625 741 2712 Syllogen
757 2625 879 2689 Vocum
895 2625 1033 2712 sequitur
1047 2623 1173 2688 Tabrda
1188 2620 1410 2708 Epistolarum,
1435 2623 1633 2704 Orationem,
1659 2625 1951 2709 Insnumentorum,
1973 2653 2020 2696 se-

549 2735 687 2802 cundum
701 2749 883 2826 argumenta
897 2735 982 2800 varia
996 2735 1197 2824 digestorum.
1242 2733 1357 2820 Implet
1370 2734 1445 2798 folia
1458 2735 1596 2822 quinque
1610 2759 1683 2801 cum
1697 2737 1837 2805 dimidio

593 2847 631 2912 ln
645 2847 720 2912 solio
734 2849 836 2934 primo
860 2847 1014 2936 liegistri:
1038 2845 1241 2923 “Quondam
1264 2845 1337 2910 Ros
1358 2845 1399 2910 de
1422 2845 1628 2934 Langchestr.
1652 2849 1847 2936 Cancellarij‚
1870 2863 1902 2915 et
1915 2865 2023 2936 postea

549 2971 570 3004 ‘⁶
586 2961 751 3046 Feretrarij
768 2961 937 3026 Dunelm.”
982 2959 1121 3036 Quando
1135 2959 1248 3024 vixerit
1263 2957 1421 3022 Robertus
1437 2959 1493 3023 iste
1508 2961 1625 3024 nescio.
1671 2961 1829 3026 Caeterum
1845 2963 1956 3028 Codex
1969 2964 2022 3029 bic

551 3074 683 3159 scriptus
698 3071 819 3138 videtur
833 3071 926 3136 fuisse
940 3093 1003 3134 non
1019 3071 1118 3134 multo
1132 3083 1204 3135 ante
1224 3090 1340 3134 manum
1366 3077 1459 3136 1500.
1504 3069 1614 3134 Lineae
1629 3071 1662 3136 in
1677 3071 1885 3138 vocabulario
1899 3075 1933 3138 in
1947 3098 2023 3162 qua·

551 3195 623 3246 tuor
638 3183 818 3260 Columnas,
834 3183 897 3246 sive
912 3182 1049 3247 Ordines
1064 3181 1218 3245 distinctae
1232 3191 1323 3244 sunt:
1339 3179 1372 3242 in
1386 3179 1508 3266 reliquo
1522 3179 1604 3244 libro
1612 3194 1685 3246 sunt
1698 3185 1864 3250 continuae.
1909 3184 2025 3252 Literae

553 3307 624 3358 sunt
639 3293 819 3371 mediocres,
835 3305 944 3358 acutae.
989 3291 1086 3358 Liber
1100 3291 1167 3377 ipse
1182 3297 1233 3372 [ut
1247 3289 1353 3356 titulus
1369 3289 1496 3372 indicat)
1511 3289 1692 3358 chartaceus
1706 3305 1762 3358 est.

470 3629 529 3704 26.
556 3631 794 3706 Ataxnunen
811 3633 1011 3707 Donarem.

557 3787 585 3843 l.
609 3781 813 3846 Aarxnuonr
829 3779 1063 3845 Docraruaaa.

612 3890 662 3957 Ita
676 3905 803 3956 vocatur
817 3892 850 3954 in
864 3890 927 3954 fine
941 3889 1013 3954 libri
1027 3912 1046 3952 a
1060 3885 1160 3974 primi
1174 3907 1283 3952 manu.

614 4003 672 4068 Est
686 4003 899 4070 Grammatico
913 4001 1052 4065 versibus
1066 4000 1168 4064 latinis
1183 4020 1339 4085 expressa.

615 4113 668 4178 Sic
682 4115 812 4198 incipit:
837 4121 859 4154 ‘⁸
872 4111 1053 4198 Synderesis
1074 4111 1208 4199 rogitate
1229 4109 1319 4188 teser,
1342 4131 1406 4196 quo
1418 4107 1558 4194 pandere
1572 4109 1820 4175 bacbr”-N.B.
1844 4112 2026 4198 Synderesis

656 4235 703 4286 est
726 4223 934 4298 Conscientia,
950 4225 1102 4298 melfien.
1147 4220 1220 4284 Vox
1242 4232 1289 4284 est
1308 4219 1380 4282 satia
1400 4217 1544 4306 frequens
1566 4219 1650 4304 apud
1672 4219 1851 4308 Theologos
1882 4223 2025 4288 Scholas·

643 4331 722 4396 tioos
736 4333 789 4418 qui
804 4352 873 4394 eam
889 4330 1031 4395 subtilitis
1045 4329 1208 4394 definiunt.
1231 4353 1259 4394 v.
1277 4330 1472 4418 Altenstaigij
1490 4330 1631 4394 Leainon
1648 4329 1885 4419 Theologicum.

617 4441 680 4508 Sed
694 4453 765 4506 octo
779 4441 880 4527 prima
893 4441 967 4506 folia
980 4440 1123 4506 videntur
1144 4463 1212 4506 esse
1225 4463 1298 4526 para
1320 4443 1476 4528 sequentb
1490 4441 1593 4526 operis
1615 4453 1704 4505 extra
1716 4441 1820 4506 locum
1835 4465 1927 4507 suum
1940 4446 2025 4529 posi-

643 4567 685 4620 ta.
730 4555 858 4620 initium
881 4553 953 4618 libri
975 4565 1022 4618 est
1046 4554 1150 4640 potius
1173 4553 1206 4618 iu
1229 4552 1304 4618 solio
1319 4564 1385 4619 9¹⁸⁰:
1420 4553 1527 4620 “Hoc
1548 4565 1724 4632 excusabat,
1750 4554 1834 4642 quod
1863 4555 2024 4620 materiale

658 4673 681 4708 “
695 4667 881 4732 tenetud'-

615 4776 730 4862 Implet
741 4775 815 4840 lolia
833 4785 903 4842 119.

613 4885 666 4952 De
682 4889 819 4952 Auctore
834 4885 903 4952 baec
924 4886 1018 4952 babet
1033 4885 1210 4952 Gesnerus:
1235 4883 1448 4951 “Alexander
1462 4884 1647 4972 cognomine
1661 4884 1702 4950 de
1717 4883 1799 4950 villa
1814 4885 1887 4964 Dei,
1904 4887 2028 4951 Dolen-

657 5008 679 5041 “
693 5001 744 5077 sis,
760 5021 801 5064 ex
815 4999 925 5074 ordine
939 4997 1069 5064 Fratrum
1085 4999 1258 5077 Miaorum,
1275 4998 1397 5082 scripsit
1419 4996 1575 5061 Volumen
1590 5009 1690 5062 metro
1705 4997 1848 5062 Leonino
1862 4998 1903 5063 de
1916 4999 2031 5065 Gram-

656 5120 678 5154 “
692 5111 813 5189 metiari,
830 5113 881 5176 cui
894 5112 1002 5176 titulus
1016 5126 1064 5176 est
1078 5111 1261 5177 Doctrinale
1275 5131 1455 5195 puerorum,
1471 5109 1568 5174 libros
1584 5119 1613 5174 8.
1659 5109 1747 5174 Vixit
1765 5113 1877 5174 1240.”

554 5257 584 5312 2.
609 5245 878 5312 Errnouoorcon
894 5247 1042 5311 Lruoum
1057 5245 1199 5310 errnre
1214 5263 1407 5309 uararcun.

612 5359 737 5424 Titulus
752 5360 856 5424 nullus
871 5370 917 5423 est
938 5361 971 5422 in
985 5357 1083 5422 libro:
1108 5358 1179 5444 Ego
1193 5356 1253 5422 hoc
1267 5377 1381 5420 nornen
1405 5355 1476 5420 ideo
1490 5357 1631 5442 opposui,
1654 5355 1728 5442 quia
1748 5356 1858 5420 unicus
1872 5355 1945 5420 libri
1959 5377 2028 5419 sco-

654 5495 713 5558 pus
728 5484 784 5549 est,
801 5469 963 5534 ostendere
978 5493 1050 5556 quaa
1064 5469 1215 5534 Derivata
1236 5491 1255 5532 a
1271 5468 1440 5532 Primitivis
1458 5467 1587 5556 singulis
1601 5466 1807 5532 deducantur.
1852 5465 1903 5530 Eu
1919 5465 2027 5550 Speci-

655 5581 747 5646 men!
1821 5649 1824 5655 Δ

614 5703 635 5734 “
652 5693 702 5757 Ex
717 5713 788 5756 arno
802 5691 989 5769 lit-torius,
1002 5691 1118 5768 -sius,
1134 5711 1170 5753 ac
1192 5689 1521 5754 deinde-morosus.”
1705 5687 1830 5767 scilicet,
1846 5688 2027 5765 amatoriae,

655 5805 799 5882 amasius,
821 5825 992 5868 amoroaus.

616 5911 763 5998 Ejusdem
780 5913 953 5979 Alexandri
968 5913 1089 5980 videtur
1103 5911 1164 5978 hoc
1179 5933 1267 5998 opus.

615 6021 724 6088 Habet
738 6021 811 6086 folia
826 6033 876 6088 50.
