4640 7842
789 1087 976 1144 eccaarra
1001 1089 1279 1144 aunntrmusrs.
1700 1077 1768 1155 191

52 1295 103 1372 Β.
122 1291 194 1368 IV.
209 1303 269 1386 17,
324 1305 355 1364 n.
378 1292 466 1374 Quia
480 1289 573 1361 Ordo
586 1300 619 1356 et
633 1290 832 1382 Argumenta
852 1292 1006 1360 librorum
1021 1291 1138 1372 lvonis,
1160 1303 1257 1379 prout
1276 1289 1488 1359 refenmtura
1506 1292 1551 1359 du
1567 1293 1638 1374 Pin,
1660 1293 1778 1364 abhoc

58 1391 192 1442 ‘mm
381 1405 501 1473 Codice
514 1404 703 1490 discrepant

338 1519 406 1586 Hae
420 1517 556 1584 rationes
579 1521 670 1604 (quas
687 1515 938 1582 Bibliotltecariis
953 1516 1180 1582 Ecdesiasticis
1194 1516 1315 1595 debao;
1336 1537 1411 1582 nam
1427 1516 1606 1584 Burchmdi
1625 1527 1661 1586 et
1671 1520 1778 1587 lvonis

295 1632 392 1698 libros
414 1628 568 1715 inspicere
589 1649 654 1694 non
675 1627 776 1712 licuit)
802 1640 931 1692 movent
950 1649 1002 1692 me
1023 1639 1059 1692 ut
1079 1627 1206 1694 credam
1229 1627 1408 1694 Burelmrdi
1428 1627 1533 1716 potids
1554 1653 1650 1718 quam
1672 1632 1778 1699 lvonis

298 1743 441 1811 essehoc
458 1740 560 1826 Opus.

344 1855 397 1922 Sic
410 1853 537 1938 incipit:

343 2053 383 2121 ln
398 2052 461 2118 line
474 2051 548 2116 libri
563 2059 606 2117 20
620 2049 852 2138 subjunguntur

303 2175 332 2232 1.
356 2166 478 2232 Sanno
495 2165 686 2241 Sruoonnrs,
703 2161 804 2248 quiin
820 2160 950 2248 singulis
966 2158 1169 2225 Parocbianis
1186 2159 1372 2226 Presbiteris
1386 2162 1596 2230 enuntiandus
1611 2179 1667 2232 est.

360 2278 412 2344 Sic
428 2276 555 2363 incipit:
580 2274 744 2340 “Fratres
761 2272 940 2351 presbiteri,
963 2283 996 2338 et
1018 2273 1204 2338 Sacerdotes
1225 2273 1290 2338 Dei
1312 2287 1531 2360 cooperatores
1552 2279 1652 2343 nostri
1666 2279 1786 2346 ordinis

404 2397 426 2432 ‘6
440 2389 577 2454 estis„-

304 2561 335 2618 2.
357 2551 522 2618 Dacaarn
538 2549 700 2616 Consum
717 2547 940 2625 Moenurrur,
963 2545 1013 2612 vel
1027 2545 1131 2632 potiris
1156 2548 1504 2627 siracusanae-suns,
1528 2550 1627 2616 habiti
1642 2551 1683 2616 ab
1699 2553 1786 2618 Aar-

404 2679 496 2729 aoua
511 2659 770 2746 ,Archiepiscopa
788 2659 874 2724 A.D.
894 2667 987 2723 1028.
1009 2655 1144 2737 [Baron.
1164 2664 1274 2739 lona]

363 2775 404 2840 Ei
428 2773 572 2840 Concilio
593 2771 733 2837 interfuit
755 2770 960 2836 Burchardus
984 2767 1233 2835 Wormaciensis
1257 2768 1443 2857 Episcopus,
1466 2773 1636 2858 superioris
1661 2774 1785 2841 Collec-

406 2883 499 2949 tionis
515 2885 646 2948 Auctor.

365 2995 418 3062 Sic
432 2993 603 3078 incipiunt:
628 3000 649 3035 “
665 2993 704 3057 In
720 2991 784 3057 Dei
798 2989 935 3055 nomine.
983 2989 1052 3080 Ego
1068 2989 1169 3054 Aribo
1185 2989 1352 3077 Mogontie
1369 2991 1459 3057 Sedis
1474 2993 1715 3082 Archiepun-

364 3105 461 3174 Edita
474 3116 580 3168 sunta
596 3103 727 3167 Labbeo
741 3103 773 3166 in
791 3101 1005 3168 Consiliorum
1021 3100 1127 3165 Tomo
1142 3110 1172 3166 9.
1190 3100 1260 3166 Col.
1277 3109 1349 3166 844.

408 3215 610 3304 Adjiciuntur
624 3237 725 3300 pauca
739 3235 780 3278 ex
796 3211 941 3278 Decretis

366 3330 513 3419 Gregorij
531 3330 636 3414 Pape:
663 3337 684 3370 ‘⁴
700 3328 876 3413 Episcopus
890 3325 985 3390 debet
1001 3324 1134 3390 Missam
1149 3325 1309 3392 celebrare
1323 3326 1356 3390 in
1372 3327 1611 3392 Ordinatione.”
1659 3397 1665 3410 ,

367 3440 519 3528 Bonifacij
537 3441 643 3526 Pape:
669 3447 690 3482 “
706 3437 886 3503 Bonifacius
908 3437 997 3522 Papa
1019 3435 1182 3500 Romanus
1204 3437 1350 3502 omnibus
1373 3437 1569 3504 Christianis.
1615 3439 1697 3505 Sunt
1710 3461 1790 3506 non·

410 3562 432 3596 ‘⁶
446 3552 524 3618 nulli
539 3552 624 3617 stulti
638 3551 793 3640 dogmatis
808 3549 907 3638 magis
921 3549 990 3613 relo
1004 3548 1284 3613 amaritudinis'’-

368 3665 478 3732 Smodi
494 3663 727 3730 Lundoniensis
749 3661 790 3726 ab
822 3660 975 3726 Anselmo
997 3659 1172 3738 celebratis,
1203 3660 1244 3724 de
1267 3660 1560 3740 Archidiaeonibus,
1593 3661 1790 3744 Presbiteris,

411 3775 589 3844 Canonicis.
644 3783 666 3816 “
681 3774 840 3839 statutum
861 3783 919 3850 est,
942 3783 978 3834 ut
1000 3769 1181 3848 Presbiteri,
1204 3770 1355 3850 Diaconi,
1378 3784 1410 3836 et
1433 3773 1625 3838 Subdiaooni
1647 3775 1731 3842 caste
1745 3777 1791 3842 vi-

412 3896 435 3930 “
449 3889 552 3952 vattt.'’

368 3999 536 4066 Celebrate
550 4009 598 4062 est
616 3995 686 4061 lraec
710 3994 856 4082 Synodus
880 3994 921 4059 Α.
931 3993 975 4059 Ι).
1002 4001 1095 4071 1108,
1120 3991 1255 4058 Henrici
1273 3993 1320 4056 1¹³¹
1339 4014 1423 4057 anno
1439 4002 1504 4074 9¹¹⁰,
1527 4007 1637 4062 contra
1653 3998 1794 4065 Clericos

412 4110 604 4196 conjugatos.

370 4221 457 4288 Editi
472 4231 545 4286 sunt
558 4217 593 4282 hi
609 4217 766 4294 Canones,
782 4216 815 4280 in
831 4213 1046 4280 Conciliorum
1063 4211 1354 4299 Spelmanieuorom
1369 4214 1442 4282 Vol.
1458 4215 1515 4296 2⁶⁰,
1530 4239 1603 4308 pag.
1619 4225 1673 4286 29.

370 4331 509 4417 Implent
522 4329 597 4394 folia
611 4339 641 4394 8.

315 4503 345 4558 t.
369 4492 619 4558 Canorunnrnnr
636 4488 869 4554 Ronsnonunr
883 4505 1010 4550 rrruar.

373 4605 426 4670 Sic
440 4603 610 4688 incipiunt:
636 4608 658 4643 “
675 4601 802 4685 Septem
819 4597 1003 4664 Cardinales
1019 4596 1170 4683 Episcopi
1184 4597 1286 4683 prime
1302 4597 1392 4664 Sedis
1406 4599 1441 4664 hi
1455 4601 1593 4665 sunt’-

371 4714 514 4782 Dimidia
528 4725 649 4778 tanturn
663 4713 779 4800 pagina
794 4723 850 4776 est.
1248 4691 1258 4752 l
1591 4711 1594 4716 '

375 4824 595 4892 cardinalibus
606 4821 785 4888 immediate
796 4821 995 4909 subjungitur
1006 4819 1182 4886 Historiola
1193 4820 1236 4886 de
1247 4820 1461 4890 Conuersione
1471 4825 1670 4892 Constantini
1681 4825 1797 4916 Papae:

415 4949 447 5003 et
461 4935 502 5002 de
518 4935 673 5022 Reliquiis
687 4956 760 5020 quae
777 4933 889 4997 Βοιῃεε
903 4932 1056 4996 visuntur.

375 5049 427 5116 Sic
442 5047 568 5134 incipit:
593 5054 615 5088 ‘⁸
632 5045 709 5112 Post
724 5045 950 5110 Ascensionem
965 5043 1099 5108 Domini
1112 5044 1258 5132 antiquus
1272 5043 1371 5111 hostis
1387 5043 1560 5112 Ecclesiam
1574 5047 1703 5114 Dei‘-

375 5163 457 5228 Sunt
470 5160 536 5225 duo
548 5171 669 5224 tantum
684 5155 768 5222 folia.

317 5333 349 5390 4.
372 5321 596 5387 Turonensis
612 5318 778 5384 Coactus
793 5315 958 5384 Dacnrrn
974 5325 1005 5395 8,
1021 5314 1062 5380 ab
1078 5315 1263 5380 Alexandro
1279 5317 1330 5382 8⁸⁰
1347 5317 1545 5408 promulgata
1560 5323 1600 5386 A.
1613 5321 1658 5388 D.
1677 5331 1769 5391 1163.

376 5435 543 5502 Canonum
558 5433 753 5522 singulorum
777 5430 919 5496 Exordia
942 5429 1104 5517 (quoniam
1119 5429 1199 5494 alius
1221 5441 1269 5494 est
1291 5429 1383 5497 Ordo
1397 5431 1482 5517 apud
1497 5433 1673 5515 Labbeum,
1696 5433 1804 5503 Tomo

422 5555 506 5624 10⁰⁰,
525 5544 595 5610 Col.
614 5545 711 5626 1118)
725 5542 778 5607 bic
791 5541 934 5627 apposui.
1699 5543 1706 5552 '

379 5669 407 5726 1.
431 5665 453 5700 “
468 5657 629 5734 Quoniam
643 5655 780 5720 enormis
794 5651 941 5740 quaedam
955 5649 1214 5716 consuetudo’'-

376 5779 408 5838 2.
432 5779 454 5814 ‘⁶
469 5770 543 5835 Non
559 5769 633 5834 satis
648 5767 766 5832 utiliter
780 5764 995 5831 Avaritia?-

372 5893 409 5950 a.
433 5890 455 5925 “
471 5881 556 5958 Qnia
570 5881 603 5944 in
619 5877 805 5968 qmbusdam
823 5874 1128 5962 Episcopattbus”-·

377 6005 410 6062 4.
433 6003 456 6038 ‘⁶
471 5991 546 6058 Non
560 6013 752 6081 magnopere
766 5987 887 6076 antiqui
901 5987 999 6052 bostis
1014 5986 1194 6052 invidia”-

383 6115 412 6173 t.
437 6114 459 6150 “
474 6105 514 6171 ln
527 6103 669 6191 partibus
684 6099 803 6168 Tolose
817 6098 1018 6186 dampnanda
1030 6097 1213 6165 heresi?-
