4640 7842
495 907 570 986 216
1008 926 1163 980 comere
1189 925 1449 980 uitiosorum

260 1129 304 1206 Β,
319 1129 387 1206 Ν,
402 1137 462 1210 24,
488 1133 528 1190 ld.
540 1132 606 1206 Apr.
749 1129 798 1185 on
816 1125 969 1182 llathcwiea
979 1125 1075 1197 Neptis
1087 1124 1214 1182 willelmi
1222 1125 1346 1198 Episcopi
1357 1133 1386 1179 et
1394 1118 1526 1178 fluetus
1537 1120 1692 1189 noneohue,
1700 1129 1729 1178 et
1737 1121 1818 1196 lingo
1829 1125 1991 1197 monachae.

273 1228 396 1280 Quam

753 1233 781 1280 et
792 1223 942 1280 Radbertus
953 1223 1051 1279 Cornea
1062 1222 1213 1278 Leiceetriae
1225 1231 1254 1278 et
1264 1221 1359 1276 Amica
1369 1217 1509 1276 Comitieea
1520 1233 1588 1273 uxor
1598 1217 1663 1290 ejuc

493 1375 568 1430 xiv.
580 1371 641 1428 Kal.
653 1369 726 1426 Maii.
756 1369 807 1424 Ob.
819 1367 988 1424 Theobaldua
999 1367 1195 1423 Centuarleneie
1206 1365 1436 1440 Archiepieoopue.

492 1519 528 1574 X.
539 1517 602 1574 Kal.
613 1513 687 1570 licit
752 1512 803 1568 ob.
816 1510 929 1568 Gemelo
940 1519 969 1566 et
981 1510 1127 1566 Godwinue
1139 1511 1295 1568 Sacerdotes
1312 1519 1410 1566 noetrte
1427 1507 1643 1580 &mentonis
1656 1507 1792 1577 nometi,
1808 1518 1837 1566 et
1850 1510 1987 1568 Sivardur

756 1607 891 1661 Mercator
902 1615 931 1662 et
987 1605 1084 1662 Comes
1096 1616 1124 1660 et
1136 1605 1205 1660 Wal.
1217 1605 1251 1660 de
1264 1603 1359 1660 Meclai
1370 1613 1399 1659 et
1410 1603 1526 1659 Thomas
1538 1620 1686 1658 convertur.

493 1759 553 1814 vil.
565 1755 626 1812 Kal.
638 1753 712 1810 Maii.
751 1753 803 1809 Ob.
815 1750 931 1806 Thomu
942 1750 1026 1806 Prior.
1044 1750 1095 1806 Ob.
1107 1759 1136 1806 et
1147 1750 1298 1806 Alexander
1309 1749 1370 1805 Rex
1382 1751 1534 1806 Scottum
1546 1757 1575 1802 et
1587 1748 1669 1802 Soror
1679 1748 1736 1820 ejnr
1748 1747 1865 1804 Matildir
1877 1749 1981 1821 Regino

757 1845 913 1916 Anglorum,
929 1853 957 1898 et
969 1845 1051 1901 Oe...
1069 1855 1097 1900 et
1108 1845 1240 1913 Werinuc,
1257 1853 1286 1900 et
1302 1843 1414 1912 tiano,
1433 1853 1462 1900 et
1479 1841 1577 1898 Daniel
1595 1841 1731 1912 dinem
1750 1853 1778 1898 et
1795 1845 1928 1900 liobertue
1945 1845 1981 1900 de

758 1939 904 1996 Munderill
916 1939 1068 1994 monachus.

662 2086 678 2099 ''
758 2083 902 2140 Edwardue
913 2082 987 2138 milet
999 2092 1027 2136 et
1038 2081 1137 2137 Edithe
1148 2099 1222 2138 eoror
1234 2083 1299 2156 ejue.

687 2232 704 2246 '⁸
757 2230 894 2289 lohannes
905 2229 994 2284 Abbae
1006 2229 1039 2284 de
1050 2229 1190 2284 Chelcolru
1200 2228 1316 2302 (Kelro.)

756 2375 808 2430 Ob.
820 2372 966 2429 Geusridue
977 2369 1165 2426 Dunelmeneie
1182 2371 1326 2444 Episcopus
1342 2379 1372 2426 et
1383 2370 1504 2442 uegeto
1520 2379 1551 2426 et
1561 2369 1667 2426 Samuel
1678 2385 1827 2438 conemur,
1843 2381 1872 2428 et
1883 2371 1983 2428 Alanus

759 2469 895 2534 Sacerdos,
905 2477 934 2524 et
945 2467 1022 2524 Serio
1033 2483 1182 2534 conteruit,
1193 2464 1286 2523 irena
1298 2477 1398 2522 nom
1408 2465 1625 2538 congregationis
1636 2475 1665 2523 et
1676 2467 1806 2535 Seberiur,
1817 2476 1845 2524 et
1856 2467 1983 2524 AEdricue

759 2583 908 2620 canonicus.

492 2713 566 2768 vm.
578 2710 618 2766 ld.
630 2709 704 2766 Maii.
758 2711 789 2764 ln
801 2707 943 2796 Britanniip
954 2705 1097 2780 Depositio
1114 2705 1191 2762 Serti
1201 2705 1332 2764 Johannie
1343 2707 1478 2780 Epircopi,
1494 2709 1569 2780 errjm
1578 2705 1692 2778 gloriere
1704 2705 1833 2764 minui·
1843 2705 1944 2778 fulgent
1954 2705 1982 2760 in

761 2806 850 2860 Gentc
862 2801 1153 2874 Northanhyrnbrorum
1165 2821 1243 2876 quun
1255 2803 1399 2876 pontificali
1410 2803 1480 2860 rexit
1490 2803 1626 2874 dignitate.

500 2955 560 3010 v11.
574 2953 615 3009 ld.
627 2949 702 3008 Maii.
767 2949 916 3004 Traneletio
928 2947 1020 3002 Sancti
1032 2947 1164 3003 Nicholai.

497 3101 532 3155 Π.
544 3099 583 3156 lrl
596 3099 670 3154 Maii.
759 3095 811 3151 Ob.
822 3092 911 3146 Devid
923 3093 983 3148 Rex
996 3093 1158 3157 Scottorum,
1169 3101 1198 3146 et
1209 3091 1365 3148 Walcherue
1377 3091 1562 3148 Dunelmensie
1574 3091 1718 3164 Episcopus
1730 3109 1790 3148 cum
1803 3093 1863 3157 cuir,
1873 3101 1901 3146 et
1911 3091 1983 3146 Sam-

761 3206 808 3244 eon
821 3187 1008 3256 wigorniensis
1026 3189 1181 3259 Episcopue,
1200 3199 1229 3242 et
1245 3189 1374 3244 Ricarduc
1392 3189 1537 3260 Episcopus
1555 3187 1647 3244 Sancti
1663 3187 1771 3242 Andree
1789 3187 1816 3240 in
1837 3187 1936 3256 Sentio,
1955 3197 1983 3241 et

759 3283 949 3348 Theodericus,
961 3293 989 3337 et
1000 3283 1128 3350 Aidenuc,
1139 3294 1167 3338 et
1175 3281 1288 3338 Acrilfna
1300 3284 1436 3350 Sacerdos,
1457 3295 1485 3339 et
1496 3285 1619 3356 wigotur
1631 3281 1757 3339 Monachi
1769 3293 1866 3340 noetroe
1878 3299 1986 3353 congre·

759 3377 879 3450 gationis,
890 3387 918 3434 et
929 3376 1091 3432 Herebertue
1103 3387 1179 3449 pater
1190 3387 1219 3431 et
1231 3377 1338 3449 Orenpu
1349 3387 1433 3434 mater
1443 3378 1551 3448 negot
1562 3387 1590 3432 ct
1602 3377 1694 3433 'litorii
1705 3377 1808 3448 longui.

702 3565 708 3578 .
762 3523 814 3578 ob.
825 3521 877 3594 pier
888 3520 1022 3576 memorie
1034 3520 1167 3576 Godn’cue
1184 3521 1322 3576 Heremita
1339 3521 1373 3576 de
1389 3521 1508 3576 Finchall
1526 3530 1554 3576 et
1572 3521 1702 3592 Alqoinoc
1719 3521 1796 3576 Prior
1806 3520 1988 3576 Wertnronea·

760 3615 1004 3672 terii—Monetium
1015 3616 1140 3670 Ecclesia
1152 3617 1180 3670 S.
1192 3616 1296 3672 Albani.
1332 3619 1385 3674 Pro
1397 3617 1437 3672 hie
1448 3619 1551 3674 duobus
1568 3617 1615 3672 fiat
1632 3618 1767 3673 annuatim
1785 3616 1918 3673 cerellium
1930 3618 1989 3690 ple·

764 3712 838 3767 narie
848 3712 916 3767 elcut
927 3729 977 3784 pro
988 3711 1122 3766 monechie
1133 3712 1230 3766 nostrie
1241 3712 1371 3784 proiectis.

639 3897 646 3915 .
713 3897 721 3912 .
762 3857 893 3912 Obiemnt
905 3855 1006 3910 Alenus
1019 3855 1113 3910 Senior
1125 3855 1261 3922 Sacerdos,
1272 3865 1301 3910 et
1311 3857 1435 3922 Elwinue,
1447 3864 1475 3912 et
1486 3855 1567 3929 Papo,
1578 3867 1607 3912 et
1618 3856 1778 3924 Huctreduc,
1794 3867 1822 3912 et
1834 3857 1986 3914 Radbertus

762 3961 791 4006 et
802 3949 949 4016 Turetiuue,
969 3959 997 4004 et
1015 3950 1124 4004 Brianue
1137 3950 1301 4015 Sacerdotes,
1321 3963 1349 4006 et
1362 3951 1497 4006 Goffridue
1509 3969 1649 4008 conversus
1667 3961 1764 4006 noatroe
1782 3954 1988 4024 congregetionic

764 4044 895 4111 monachi,
907 4053 935 4100 et
946 4041 1080 4098 Walterus
1093 4043 1242 4098 Monachus
1253 4045 1287 4098 ed
1299 4045 1510 4100 Succurrendum
1522 4057 1550 4100 et
1562 4045 1718 4101 AEluretlue.

501 4194 547 4249 IV.
558 4193 629 4248 Nou.
642 4193 706 4248 Jun.
765 4190 816 4244 Ob.
834 4187 986 4242 Leolwinue
996 4187 1147 4242 bonevitae
1160 4188 1317 4254 Monachus,
1328 4199 1356 4244 et
1367 4189 1546 4257 AEdmuntlue,
1555 4199 1583 4246 et
1594 4185 1746 4248 liudbertum
1758 4191 1880 4247 monachi
1891 4199 1990 4248 noetrre

764 4283 972 4354 congregationi·
984 4293 1012 4337 et
1023 4281 1154 4337 liedulfus
1166 4285 1315 4338 eanonicus.

503 4435 538 4488 ll.
549 4433 621 4487 Non.
633 4432 696 4488 Jun.
766 4425 914 4482 Tranelatio
925 4426 1144 4482 Dunelmeneium
1155 4427 1344 4500 episcoporum
1356 4430 1504 4485 Eedmundi
1516 4441 1544 4488 et
1554 4433 1679 4490 AEdsedl

503 4577 591 4632 xvn.
603 4573 664 4630 Kel-
676 4573 731 4632 Jul-
760 4571 836 4628 Obiit
847 4571 999 4627 otmundus
1015 4581 1043 4626 et
1055 4571 1121 4627 Got.
1134 4609 1200 4627 ......
1223 4584 1251 4628 et
1263 4572 1395 4628 Godricue
1413 4575 1570 4644 secerdotee,
1580 4585 1609 4631 ct
1623 4575 1787 4632 Reinfrridue
1799 4593 1938 4632 convertur
1958 4579 1984 4634 ἀ

766 4669 886 4739 Rogesue
903 4667 1024 4722 reoerdoa
1044 4677 1140 4722 noetrae
1160 4668 1368 4738 congregationie
1385 4670 1514 4727 monachi.
1565 4673 1601 4726 Et
1620 4672 1750 4728 Godricuc
1771 4683 1799 4727 et
1820 4673 1993 4729 Normennue

764 4762 891 4836 presbiter
901 4772 930 4816 et
940 4761 1108 4818 'l'hedhaldus
1121 4763 1243 4818 monachi
1254 4763 1296 4819 ed.
1309 4782 1378 4819 cuce.
1389 4775 1418 4819 et
1429 4766 1538 4823 Adalire
1549 4768 1668 4823 Foeserd.

504 4910 701 4970 lv.Non.Ju1.
764 4909 816 4964 Ob.
834 4908 967 4964 Waltenu
982 4906 1138 4975 Monachus,
1156 4917 1186 4963 et
1197 4909 1335 4980 Rogeine,
1353 4919 1382 4964 et
1399 4911 1530 4966 Mtinue
1546 4911 1674 4968 Seeoedoe
1685 4922 1713 4967 et
1724 4911 1856 4968 Robertus
1873 4921 1901 4967 et
1912 4911 1992 4968 Bald-

766 5005 848 5059 vinue
871 5003 990 5060 converri
1008 5013 1105 5060 noetrae
1126 5004 1335 5076 congregetionie
1353 5005 1797 5081 homunculorum
1819 5009 1991 5066 Eborecenrir

768 5098 988 5155 Archidieconue.

506 5243 581 5300 VIII.
592 5243 631 5298 ld.
642 5243 700 5300 lul.
770 5243 802 5297 ln
812 5241 948 5298 Britannia
958 5239 1099 5314 Depositio
1110 5241 1180 5296 beati
1191 5241 1281 5296 Boieili
1292 5242 1440 5314 liutpert
1451 5252 1479 5299 et
1490 5243 1663 5302 Confeeaorit.

506 5389 553 5443 Vl.
566 5387 605 5444 ld.
616 5386 672 5445 Jul.
766 5385 818 5440 Ob.
836 5383 928 5440 Sihilla
943 5383 1046 5456 Regina
1057 5385 1212 5440 Scottorum
1230 5395 1259 5440 et
1270 5385 1412 5441 Walteriue
1425 5386 1634 5444 Archidieconue
1649 5387 1821 5445 Eboreceneir
1838 5385 1989 5444 &Thumi-

770 5481 828 5547 due,
847 5489 875 5535 et
893 5480 1026 5536 liebertus
1042 5480 1185 5536 monechue
1206 5491 1233 5536 et
1251 5481 1380 5538 Ricerrlue
1390 5481 1543 5552 monachus,
1554 5494 1582 5540 ct
1592 5483 1719 5560 urimo
1730 5485 1882 5551 monachia,
1893 5493 1994 5540 nom

773 5576 980 5647 congregationir
991 5576 1084 5632 iratres
1096 5585 1124 5632 et
1135 5575 1266 5632 monachi.

508 5719 557 5776 111.
569 5719 629 5776 Kal.
642 5721 711 5792 Aug.
771 5721 822 5776 Ob.
840 5719 1032 5790 AEgelwerdue,
1044 5729 1072 5776 et
1083 5720 1235 5776 Rodbenur
1247 5722 1375 5789 recordor,
1386 5732 1414 5779 et
1422 5723 1541 5778 Arlillru
1554 5734 1651 5780 nootrac
1671 5724 1879 5796 congregationie
1898 5723 1994 5780 traua

769 5823 798 5870 et
809 5813 940 5881 monachi,
950 5823 978 5870 et
989 5815 1140 5870 uoluatur
1151 5825 1179 5870 et
1191 5816 1291 5884 lieven,
1303 5827 1332 5872 et
1343 5817 1429 5885 Eudo,
1440 5827 1469 5873 et
1480 5818 1622 5876 Gaufridue
1632 5817 1756 5874 monaehi
1766 5819 1800 5874 ad
1812 5836 1881 5874 succ.

509 5955 569 6012 Kal.
580 5955 650 6028 Aug.
774 5957 825 6014 ob.
845 5957 1003 6015 Guillelmur
1014 5958 1075 6014 Rex
1089 5959 1246 6031 Anglorum,
1263 5961 1409 6018 Godwinue
1425 5971 1454 6020 ct
1465 5963 1563 6038 lielyae
1574 5963 1755 6038 compingat
1766 5961 1959 6029 ettcketinuc.
1967 5968 1997 6017 et
