4650 7852
796 1107 983 1166 sconsum
1007 1109 1282 1166 uuusnunusra.
1711 1095 1779 1164 111

76 1299 124 1375 B.
147 1302 204 1381 II.
222 1315 279 1383 18.
314 1379 320 1400 ,
346 1305 509 1393 Scriptura
530 1306 656 1396 elegans
670 1317 737 1375 est:
761 1307 873 1376 Lineoe
890 1309 1082 1378 dimidiatae:
1107 1309 1224 1378 Literae
1245 1308 1401 1385 rotunde,
1425 1307 1521 1374 varis
1541 1307 1789 1394 magnitudinis,

84 1399 187 1444 '⁰¹³²
308 1422 341 1488 in
361 1421 450 1488 initio
472 1419 655 1500 mediocres,
681 1422 715 1486 in
737 1422 847 1494 madio
864 1425 1008 1510 majores,
1032 1425 1065 1490 in
1089 1423 1152 1490 line
1171 1423 1319 1490 minores.
1364 1421 1473 1488 Prima
1494 1423 1643 1508 cujusque
1666 1422 1785 1488 Psalmi

308 1533 400 1598 litera
412 1533 498 1618 picto
511 1543 567 1598 est.
613 1532 653 1598 In
667 1533 757 1598 initio
773 1533 891 1600 Psalmi
907 1533 983 1603 70¹²:
997 1547 1044 1600 est
1058 1534 1148 1600 litero
1163 1534 1191 1613 1,
1213 1545 1309 1600 tantm
1322 1532 1555 1620 magnitudinis,
1579 1545 1614 1599 ut
1628 1545 1691 1602 tres
1705 1532 1788 1619 ligu-

309 1667 360 1709 res
374 1643 537 1722 humanas,
560 1655 592 1710 et
605 1642 714 1710 decem
735 1666 842 1710 versus
857 1645 968 1730 capiat
1013 1644 1052 1708 In
1067 1643 1188 1709 summi
1209 1655 1299 1727 parte
1320 1655 1369 1710 est
1385 1643 1535 1710 Hominis
1549 1655 1703 1728 protome,
1719 1649 1788 1724 [aaa

310 1766 369 1842 put
382 1755 454 1820 cum
468 1754 623 1836 humeris]
645 1755 755 1841 capite,
769 1755 906 1820 radiato:
932 1754 1052 1819 Christi
1075 1759 1124 1839 (ut
1145 1753 1282 1834 videtur)
1296 1754 1408 1840 ligura.
1464 1755 1502 1820 In
1518 1754 1632 1833 medii,
1658 1753 1789 1840 Episco-

310 1891 370 1954 pus
385 1880 479 1945 stans,
502 1867 602 1953 capite
624 1889 705 1946 raso,
727 1867 844 1954 pedum
861 1867 1047 1953 Episcopnle
1069 1865 1192 1932 sinistri
1213 1877 1343 1932 tenens:
1367 1887 1463 1951 supra
1483 1879 1588 1952 caput,
1605 1867 1788 1934 Willelmus

313 1980 498 2066 Episcopus.
542 1979 583 2046 In
604 1981 668 2046 inm
690 1992 789 2065 parte,
813 1979 991 2046 Monachus
1005 1979 1137 2068 genibus
1162 1978 1382 2065 procumbens,
1405 2001 1579 2065 manusque
1599 1979 1641 2044 ad
1657 1979 1788 2064 Episco-

311 2113 388 2178 pum
412 2091 560 2156 tendens:
584 2115 679 2178 supra
701 2105 805 2179 caput,
831 2082 930 2156 R0b⁶
956 2092 1131 2179 Benjamin.
1196 2092 1235 2158 In
1260 2092 1380 2156 ambitu
1403 2091 1592 2168 scribuntur,
1626 2090 1790 2156 ordinibus

313 2205 459 2290 quinque,
482 2203 591 2289 (literis
613 2203 741 2268 minutis
773 2203 899 2291 quidem
929 2204 985 2270 sed
1008 2203 1215 2291 elegantibus)
1239 2225 1346 2268 versus
1374 2212 1423 2282 10,
1448 2203 1561 2290 quibus
1586 2201 1789 2288 Benjuminus

317 2315 435 2392 Pictor,
450 2314 579 2378 laudato
594 2313 763 2399 Episcopo,
779 2314 853 2378 artis
863 2326 895 2378 et
908 2313 1071 2378 industrias
1086 2337 1151 2378 suae
1165 2313 1329 2399 praemium
1344 2314 1431 2400 petit.

358 2426 476 2493 Versus
491 2427 556 2491 duo
570 2426 663 2512 primi
677 2439 768 2491 sunt:

447 2546 469 2580 ‘⁶
485 2537 615 2624 Optime
631 2537 743 2601 Presul
758 2559 814 2600 ave
829 2535 905 2600 dum
920 2557 1024 2600 servas
1034 2548 1177 2620 temporo
1191 2537 1253 2600 vite

446 2656 468 2691 “
484 2647 535 2713 Ne
548 2659 683 2713 mortem
696 2659 817 2712 metuas
831 2647 948 2733 optime
965 2647 1077 2712 Presul
1090 2669 1158 2736 age.

361 2757 492 2824 Ultimi:

447 2877 469 2912 ‘⁴
484 2869 630 2933 Maxima
643 2867 728 2932 dona
742 2889 838 2955 quens
852 2868 1004 2931 mercedis
1017 2867 1136 2933 habere
1150 2867 1253 2933 future
1295 2941 1296 2944 Ἴ

446 2987 469 3022 “
484 2979 528 3044 Et
543 2979 650 3045 Pictor
663 2979 776 3044 mercis
789 2979 927 3042 maxima
940 2977 1025 3042 dona
1038 2981 1161 3064 queat.''

311 3106 313 3113 ²
363 3091 545 3156 Wiilelmus
559 3091 617 3156 iste
635 3095 698 3153 1²²⁰·
711 3089 777 3169 fuit,
801 3089 841 3154 de
857 3091 973 3155 Sancto
989 3089 1126 3154 Carilefo
1147 3089 1266 3168 dictus3
1289 3089 1343 3176 qui
1366 3093 1414 3175 (ut
1427 3112 1468 3154 ex
1484 3089 1629 3156 Indiculo
1643 3089 1795 3157 librorum

320 3205 385 3290 ejus
406 3205 504 3288 patet)
529 3203 645 3269 Sancto
660 3203 836 3269 Cuthberto
857 3200 944 3266 dedit
963 3202 1133 3289 Augustini
1156 3201 1462 3267 Commentariorum
1483 3201 1515 3265 in
1532 3203 1674 3267 Psalrnos
1696 3217 1797 3269 tomos

321 3323 358 3392 83
380 3335 512 3400 quorum
526 3314 646 3398 primus
660 3335 745 3378 nunc
759 3312 962 3378 desideratur.
1186 3389 1188 3396 y

365 3423 506 3510 Scriptus
520 3437 568 3489 est
581 3437 685 3490 nutem
698 3424 751 3489 bic
767 3423 878 3489 Codex
900 3425 1023 3489 circiter
1037 3445 1155 3488 annum
1173 3433 1266 3503 1090,
1289 3425 1472 3510 priusquam
1489 3424 1672 3489 Willelmus
1695 3425 1727 3488 in
1742 3447 1798 3490 ex·

322 3532 409 3598 ilium
423 3533 531 3619 pulsus
546 3547 611 3598 est:
635 3544 680 3600 3¹¹·
689 3535 773 3600 enim
788 3534 910 3600 Tomns
925 3536 1059 3620 scriptus
1074 3548 1132 3614 est,
1148 3557 1221 3599 cum
1231 3538 1298 3624 jam
1312 3536 1346 3598 in
1362 3536 1457 3599 exilio
1471 3548 1586 3624 ageret.

366 3643 405 3708 In
427 3643 580 3734 Catalogo
604 3643 849 3724 Monaehorum‚
873 3646 927 3732 qui
954 3645 1107 3710 Historiae
1128 3645 1337 3710 Dunehnensi
1360 3644 1457 3710 Mstae
1479 3645 1660 3733 [Symeonis
1676 3645 1800 3716 Dunel·

321 3755 455 3837 mensis]
469 3755 654 3843 praefigitur,
669 3766 733 3820 tres
748 3768 823 3820 sunt
837 3755 984 3821 Rotberti
998 3757 1165 3836 [Roberti]
1179 3755 1273 3841 hujus
1287 3757 1404 3833 aetatis;
1421 3765 1497 3834 28⁰⁸,
1515 3765 1567 3834 59,
1584 3767 1636 3822 68.

368 3866 603 3932 Commentario
617 3867 817 3952 praemittitur
832 3866 934 3932 Index
943 3889 1048 3932 rerum
1058 3866 1287 3952 alphabeticus:
1303 3879 1351 3932 est
1364 3879 1468 3932 autem
1483 3890 1502 3930 a
1516 3889 1611 3930 manu
1626 3871 1801 3934 recentiori.

244 4135 299 4202 14.
326 4125 475 4200 Teuma
493 4149 763 4208 domnolenus
783 4127 1011 4202 Accusatur.

371 4272 623 4338 Commentarius
638 4285 685 4336 est
696 4273 865 4362 Augustini
880 4273 913 4336 in
924 4273 1047 4337 tertiam
1062 4283 1183 4357 partem
1200 4269 1408 4350 Psalmorum,
1425 4295 1445 4336 a
1463 4273 1612 4340 101¹¹¹⁰ad
1631 4281 1701 4342 150.

372 4384 424 4451 Sic
448 4383 575 4468 incipit:
610 4383 763 4469 “Aurelij
791 4385 970 4472 Augustini,
994 4385 1109 4472 egregij
1129 4383 1284 4462 Oratoris,
1310 4383 1477 4449 Tractatus
1498 4387 1586 4472 prior
1611 4387 1651 4451 de
1678 4387 1804 4456 Psalmo

330 4504 352 4538 “
365 4495 534 4561 centesimo
547 4493 651 4580 primo
665 4495 710 4560 sie
723 4494 849 4580 incipit:
874 4493 958 4560 Ecce
972 4516 1054 4558 unns
1067 4516 1189 4580 pauper
1203 4506 1281 4573 orat,
1298 4505 1330 4559 et
1343 4516 1407 4560 non
1422 4507 1493 4560 orat
1505 4495 1538 4560 in
1553 4497 1705 4564 silentio.”

373 4607 411 4672 In
425 4606 488 4671 fine
503 4605 723 4671 adscribuntur
737 4605 785 4670 his
800 4606 925 4670 versirs:

376 4727 396 4759 ‘⁶
413 4717 488 4782 Hoc
501 4717 606 4804 exegit
620 4739 699 4802 opus
716 4716 927 4782 Guuillelmus
943 4715 1118 4802 Episcopus
1133 4713 1188 4779 illo

417 4835 439 4869 “
453 4827 614 4913 Tempore
628 4851 691 4914 quo
705 4828 834 4912 proprio
849 4827 941 4892 cessit
956 4827 1136 4912 Episcopio.

376 4947 397 4982 “
412 4937 562 5004 Materies
577 4939 743 5025 operisque
756 4939 847 5003 labor
861 4951 1046 5024 reputantur
1061 4937 1180 5002 eidem:

420 5058 442 5092 “
457 5049 608 5114 Materies
623 5063 747 5128 sumtu3
763 5051 818 5114 sed
835 5050 942 5115 Labor
956 5050 1098 5136 imperio.

378 5169 399 5203 ‘⁴
414 5159 559 5226 Nominis
574 5161 712 5247 ejusdem
727 5182 856 5226 consors
871 5161 1054 5226 Willelmus
1069 5175 1101 5226 et
1115 5159 1199 5226 idern

421 5281 443 5315 ‘⁶
460 5273 599 5337 Perstitit
613 5284 648 5336 ut
660 5272 750 5337 fieret
764 5286 840 5351 arte,
856 5273 974 5352 labore,
990 5295 1095 5337 manu.

378 5393 400 5427 “
416 5383 640 5470 Pontificisque
655 5384 703 5447 sui
717 5395 805 5448 tanto
819 5383 958 5449 fervebat
972 5407 1088 5462 amore,

423 5502 445 5536 ‘⁶
461 5493 509 5560 Ut
521 5493 611 5558 labor
625 5495 691 5580 ipse
705 5495 786 5560 foret
800 5497 866 5581 ejus
880 5517 988 5560 amore
1002 5495 1109 5560 levis.''

379 5628 432 5694 Ex
445 5627 495 5694 his
508 5628 648 5692 versibus
661 5628 748 5693 Elias
764 5628 876 5706 Smith,
892 5641 924 5693 et
933 5627 1072 5694 loannes
1084 5627 1204 5691 Milner
1213 5629 1412 5715 conjecerumt
1426 5630 1472 5715 (in
1483 5629 1644 5696 Indicibus
1655 5623 1814 5706 Mttonrm

337 5738 449 5803 horum
475 5762 555 5826 quos
577 5739 792 5822 confecerunt)
817 5739 969 5804 Codicum
986 5737 1071 5802 hunc
1094 5737 1191 5822 ipsius
1207 5737 1364 5804 Willelmi
1388 5739 1538 5827 Episcopi
1559 5764 1655 5807 manu
1676 5743 1815 5831 descrip-

338 5861 405 5914 tum
419 5849 521 5916 hrisse.
577 5850 643 5916 Sed
667 5873 769 5938 neque
792 5851 891 5914 otium
911 5848 971 5914 fuit
993 5848 1165 5914 Guillelmo
1185 5851 1231 5934 (in
1250 5850 1336 5916 tanti
1358 5851 1555 5940 negotiorum
1577 5854 1762 5920 secularium
1784 5869 1816 5922 et

341 5959 630 6028 Ecclesiastioorum
643 5961 740 6045 mole)
765 5961 806 6026 ad
829 5961 925 6027 libros
947 5961 1172 6040 decribendos3
1199 5974 1230 6026 et
1252 5962 1310 6028 iste
1328 5963 1418 6028 labor
1435 5965 1612 6050 junioribus
1634 5967 1817 6033 demandari

341 6072 448 6143 solitus
471 6087 536 6142 est:
559 6095 662 6163 neque
684 6073 792 6142 versds
816 6073 850 6137 hi
875 6073 909 6138 id
931 6073 1050 6152 dicunt,
1077 6072 1166 6160 quod
1190 6074 1235 6138 illi
1259 6073 1419 6160 putsirunt.
1477 6076 1597 6145 Eorum
1620 6100 1729 6146 sensus
1752 6089 1816 6145 est:
