4640 7842
532 995 606 1073 246
1044 1017 1202 1071 conrcns
1228 1017 1484 1072 unuuscarrrr

287 1214 330 1290 Β,
351 1212 419 1288 fv·
432 1201 493 1272 40,
562 1196 655 1262 Alius
669 1207 716 1262 est
730 1196 835 1283 itaque
849 1195 901 1260 hic
916 1195 997 1260 liber
1011 1196 1051 1261 ab
1066 1219 1105 1261 eo
1127 1219 1221 1284 quenr
1243 1194 1355 1260 eodem
1378 1195 1470 1260 titulo
1491 1193 1615 1280 scripsit
1638 1193 1821 1260 Alexander
1836 1195 1877 1260 de
1894 1195 2008 1279 Hales,

299 1311 420 1362 ‘imm
520 1307 694 1372 monachus
711 1309 948 1372 Franciscanus.
994 1307 1053 1372 Est
1067 1306 1198 1372 fortasse
1213 1307 1293 1370 liber
1307 1329 1400 1394 quem
1416 1306 1477 1372 hoc
1492 1307 1583 1372 titulo
1597 1308 1721 1394 scripsit
1734 1308 1874 1374 lacobus
1888 1310 1929 1375 de
1945 1311 2010 1376 Vo-

521 1421 631 1512 rsgine
647 1419 912 1506 Archicpiscopus
927 1421 1103 1498 Januensis,
1120 1419 1170 1484 vel
1186 1419 1374 1483 Genuensis.
1419 1443 1448 1483 v.
1466 1419 1560 1484 Cave.

567 1533 715 1599 Praeuuo
730 1533 774 1596 sic
790 1533 915 1618 incipit:
940 1531 1117 1618 “Cogitavi
1133 1532 1200 1594 dies
1215 1531 1369 1618 antiquos,
1386 1543 1417 1595 et
1431 1551 1531 1594 annos
1545 1541 1669 1594 sturnos
1684 1530 1716 1593 in
1732 1545 1836 1596 mente
1850 1531 2012 1598 habui’'-

567 1643 666 1710 Liber
681 1645 747 1729 ipse
763 1644 826 1708 sic:
852 1652 873 1684 “
885 1643 1084 1708 Abstinentia
1099 1641 1158 1706 fuit
1173 1643 1339 1728 multiplex
1354 1641 1386 1706 in
1402 1641 1579 1706 beatissimis
1598 1641 1767 1707 Marid'-

567 1755 605 1818 ln
621 1779 660 1820 eo
675 1769 909 1832 enumerantur,
933 1767 964 1818 et
978 1753 1046 1818 fusi
1061 1755 1258 1839 explicantur
1283 1753 1390 1820 Bentae
1413 1753 1554 1841 Virginis
1570 1753 1682 1832 Dotes,
1706 1755 1770 1819 sive
1786 1755 1936 1833 Virtutes,
1960 1779 2012 1819 or-

524 1867 597 1930 dine
613 1865 811 1952 ulphabetico
826 1865 995 1950 dispositae,
1014 1865 1179 1952 Capitibus
1197 1875 1269 1934 156.

569 2005 717 2090 Cupitum
733 2005 908 2090 primorum
922 2003 1003 2068 tituli
1019 2015 1111 2068 sunt:

528 2127 556 2182 1.
581 2125 602 2157 “
615 2117 814 2182 Abstinentiu
832 2115 944 2180 Maria,

526 2235 556 2292 2.
582 2235 603 2268 “
615 2227 779 2291 Advocutu
794 2241 901 2290 nostra
915 2241 962 2290 est
979 2225 1096 2290 Maria.

527 2349 557 2404 3.
582 2347 604 2380 “
617 2339 765 2424 Adjutrix
782 2353 888 2402 nostra
904 2351 951 2401 est
968 2337 1082 2402 Maria.

526 2461 557 2516 4.
583 2461 604 2492 “
617 2451 803 2538 Amigdnlus
819 2449 933 2513 dicitnr
951 2449 1064 2512 Maria.

527 2571 557 2628 5.
582 2563 719 2624 “Amor
736 2561 871 2624 Murie.''

570 2672 713 2756 Scriptus
728 2685 775 2735 est
790 2671 841 2734 hic
858 2671 971 2736 Codex
990 2671 1079 2736 lineis
1096 2672 1241 2759 integris;
1266 2672 1363 2736 literis
1380 2673 1598 2751 mediocribus,
1615 2675 1732 2750 acutis3
1755 2689 1827 2740 ante
1842 2698 1941 2742 armos
1955 2680 2014 2742 cir·

525 2785 603 2849 citer
619 2793 693 2849 300.

570 2895 610 2960 In
625 2896 731 2960 initio:
759 2905 780 2938 ‘⁸
792 2897 890 2962 Liber
904 2897 1010 2962 Sancti
1022 2897 1190 2962 Cutlrberti
1205 2897 1247 2962 de
1258 2897 1401 2962 Dunelrii
1413 2920 1452 2962 ex
1469 2897 1555 2962 dono
1565 2897 1707 2984 Dompni
1723 2901 1813 2965 Jobis
1828 2901 1868 2966 de
1885 2901 2016 2981 Mnnbe,

527 3009 738 3094 “assignatus
754 3009 913 3072 communi
938 3009 1105 3072 armariolo
1128 3009 1270 3072 Dunelffi
1294 3031 1387 3096 quem
1403 3009 1456 3094 qui
1473 3009 1664 3088 alienaverit,
1688 3011 1937 3080 maledictionem
1953 3015 2016 3080 Dei

528 3128 550 3162 ‘⁶
564 3119 723 3206 possideat
738 3120 790 3186 hic
804 3133 836 3184 et
850 3121 884 3184 in
898 3119 1049 3184 futurum.
1095 3122 1232 3186 Anuu.”

443 3461 503 3528 41.
532 3453 761 3528 Taacrnrus
779 3460 840 3526 25.

534 3638 561 3692 l.
586 3627 729 3692 Tarsum
745 3645 853 3690 suren
871 3625 1044 3690 Rasunun
1062 3625 1264 3692 Bassorum.

589 3740 714 3824 Scripta
727 3751 774 3802 est
789 3739 879 3802 lineis
894 3736 1082 3813 dimidiatis;
1099 3737 1195 3802 literis
1210 3737 1395 3814 minoribus,
1412 3737 1561 3814 cursivis3
1577 3749 1650 3802 ante
1665 3761 1764 3803 annos
1779 3741 1902 3806 circiter
1919 3751 1996 3810 300.

531 3909 563 3968 2.
587 3901 730 3968 Tarsum
746 3923 854 3967 sunan
870 3901 1093 3966 Bsaunnnun
1110 3901 1150 3964 de
1167 3901 1333 3986 Praecepto
1348 3911 1379 3965 ct
1394 3901 1649 3987 Dispensatione.
1819 3905 1909 3970 Folio
1928 3917 1976 3976 15.

592 4015 716 4102 Scripta
731 4029 778 4080 est
793 4015 833 4078 ab
848 4012 957 4078 eadem
974 4035 1045 4076 cum
1061 4013 1261 4098 praecedenti.

533 4187 563 4242 3.
587 4175 734 4254 Quedam
751 4173 1052 4240 Cossrrrurrouas
1067 4193 1133 4236 rao
1151 4171 1292 4236 Ounrun
1309 4171 1504 4238 Nranonun
1522 4173 1791 4248 Mosncnoaun.
1834 4177 1976 4244 foliosa.

634 4287 754 4352 Earum
769 4285 907 4372 quinque
923 4296 996 4348 sunt
1012 4284 1144 4368 Capita:

593 4405 621 4462 1.
645 4395 698 4460 De
714 4397 897 4482 Augmento
912 4395 1014 4460 cultius
1031 4395 1152 4459 Divini.

590 4515 621 4572 2.
645 4507 698 4572 De
716 4505 914 4570 Prelatnrum
929 4504 1131 4592 negligentiis.

591 4629 622 4686 5.
645 4617 699 4683 De
715 4617 879 4682 Prioribus
895 4617 1133 4682 Claustralibus

591 4739 622 4794 4.
646 4728 699 4794 De
716 4727 827 4794 Priore
843 4727 1055 4794 Studentiurn.

591 4850 622 4908 5.
645 4839 698 4906 De
715 4839 881 4904 Mittendis
896 4839 937 4904 ad
954 4839 1101 4904 Studium
1116 4837 1272 4926 generale.

592 4954 645 5022 Sic
660 4953 833 5038 incipiunt:
858 4959 881 4993 “
892 4951 1001 5016 Abbas
1018 4950 1204 5036 Monasterij
1222 4949 1329 5016 Sancti
1345 4951 1463 5016 Albani
1480 4951 1669 5018 Provinciali
1687 4955 1900 5041 Capitulo”-
2004 5005 2008 5018 .

591 5067 702 5132 Liueae
728 5079 802 5130 sunt
815 5065 965 5154 integrm
991 5064 1108 5128 Literoe
1123 5064 1270 5144 minores,
1295 5075 1395 5128 acutae
1411 5067 1475 5130 sive
1492 5066 1695 5146 secretaria,
1718 5067 1810 5134 AEtas
1825 5070 1938 5136 eadem
1952 5095 2025 5138 cum

636 5177 769 5242 Tabulis
784 5177 1046 5264 praecedentibus.

594 5293 777 5358 Occurrunt
792 5311 888 5376 supra
902 5289 935 5352 in
952 5288 1070 5354 Codice
1085 5296 1137 5354 26.
1153 5299 1242 5352 tract
1261 5293 1290 5356 7.
1335 5311 1428 5374 quem
1444 5289 1523 5354 vide.

535 5440 566 5496 4.
590 5429 887 5496 Cousrrrurrouas
904 5447 1006 5492 surra
1023 5449 1060 5491 rs
1078 5426 1248 5491 Coucrnro
1266 5427 1472 5492 Oxonrsnsr.
1838 5431 1913 5497 folio
1928 5443 1979 5499 30.

591 5543 644 5608 Sic
658 5542 829 5628 incipiunt:
855 5539 1049 5626 “incipiunt
1065 5539 1205 5604 Decreta
1219 5542 1440 5606 concamentia
1456 5542 1579 5608 Statum
1597 5541 1896 5610 Monachorum”-

592 5654 726 5738 Scriptae
740 5665 814 5718 sunt
827 5652 868 5717 ab
882 5651 994 5716 eidem
1009 5673 1105 5716 manu
1121 5673 1192 5715 curn
1208 5651 1473 5736 precedentibus.

534 5797 564 5856 5.
587 5787 790 5856 Tnac'rsrns
806 5809 849 5854 na
865 5809 976 5854 rnrnn
992 5787 1240 5852 Iusrrrnrroua
1257 5775 1451 5854 Nrunonuir
1468 5787 1738 5858 Mosacuoaun.
1857 5791 1911 5858 fol.
1928 5803 1978 5858 33.

596 5899 648 5966 Sic
663 5901 788 5986 incipit:
815 5910 836 5944 ‘⁶
848 5901 989 5978 Quidam
1003 5901 1107 5964 minus
1122 5899 1395 5988 intelligentes”-

595 6011 654 6076 Fst
668 6011 709 6076 ab
723 6013 833 6078 eidem
847 6035 943 6078 manu
958 6035 1030 6078 cum
1045 6011 1246 6097 praecedenti.
