4640 7842
777 1045 962 1098 ECCLESIAE
988 1045 1263 1098 DUNELMENSIS·

67 1251 183 1334 MV,
196 1256 256 1328 30.
342 1247 456 1338 capita
470 1244 594 1336 singula
606 1239 746 1310 versibus
761 1255 781 1312 4
796 1246 1011 1334 explicantur:
1036 1247 1142 1332 Caput
1158 1255 1234 1311 1⁶⁶⁶
1250 1243 1412 1312 Geucscds
1426 1245 1491 1310 sic:

78 1355 187 1409 ‘mm
388 1369 409 1404 “
424 1359 556 1437 Lucem,
573 1357 696 1438 celum,
715 1359 835 1438 Sidera,
851 1383 959 1425 creans
973 1383 1031 1446 per
1044 1359 1237 1438 mandatum,

388 1479 410 1516 ⁶‘
424 1470 570 1547 Terram,
587 1469 735 1549 Pontum,
753 1469 882 1548 Ethera,
898 1471 1018 1535 cunctis
1033 1469 1089 1534 das
1104 1481 1267 1535 ornatum:

387 1592 409 1628 ⁶⁶
425 1583 468 1650 Et
483 1582 589 1648 Adam
602 1593 675 1667 post
687 1593 792 1648 cetera
805 1583 916 1646 ceteris
929 1581 1085 1667 prelatum

388 1703 410 1738 ⁶⁶
425 1695 493 1760 Nos
510 1695 611 1773 Salva,
628 1717 685 1758 nos
699 1693 807 1771 libera,
822 1692 907 1758 dilue
922 1705 1052 1758 reatum.

345 1809 385 1876 In
398 1808 510 1873 ultimo
521 1807 597 1872 folio
611 1806 817 1893 subjiciuntur
831 1805 871 1869 ab
885 1805 945 1872 alid
967 1828 1063 1870 manu
1078 1827 1186 1871 versus
1200 1804 1320 1892 aliquot
1332 1805 1408 1892 varij
1424 1811 1618 1896 argtunenti3
1641 1813 1706 1878 scil.
1721 1814 1764 1880 da

388 1917 535 1998 Medicis,
561 1917 602 1984 da
618 1917 777 1996 Fortunat:
792 1919 849 1982 &c
896 1915 1041 1982 “Scribo
1060 1916 1100 1981 de
1123 1915 1259 1982 Medicis
1279 1917 1433 1983 monitum
1455 1919 1533 1986 daus
1554 1943 1673 2010 gnarus
1686 1927 1765 1990 ami-

390 2039 413 2075 ⁶⁶
426 2031 534 2096 cis”-

291 2179 320 2242 7.
344 2171 491 2248 Quinam
505 2191 668 2236 amamus
683 2191 744 2254 pur
761 2189 902 2236 urcrrun
919 2169 1094 2238 Srrrrunus
1113 2169 1263 2236 Auens.
1539 2172 1630 2237 Folio
1648 2183 1719 2245 107.

348 2284 401 2350 Sic
415 2283 542 2369 incipit:
568 2291 590 2325 ⁶⁶
600 2283 699 2348 Liber
712 2284 771 2347 iste
784 2283 839 2371 qui
863 2283 1013 2350 stimulus
1032 2282 1160 2348 Amoris
1181 2281 1215 2344 in
1229 2279 1462 2346 dilectissimum
1484 2295 1516 2347 et
1536 2285 1625 2368 pium
1643 2285 1764 2368 Jesum,

390 2405 412 2439 ‘⁶
428 2396 621 2462 Salvatorem
634 2407 786 2474 nostrum,
801 2417 867 2460 non
881 2395 1054 2484 incongrue
1068 2394 1130 2460 dici
1144 2395 1310 2479 potest’-

347 2507 429 2574 Sunt
442 2507 515 2572 libri
530 2517 566 2574 8:
590 2529 724 2594 quorum
738 2508 859 2593 primus
872 2507 968 2572 habet
984 2507 1097 2592 Capita
1114 2515 1172 2583 143
1196 2505 1359 2571 Secundus
1378 2515 1437 2584 133
1460 2503 1588 2572 Tertius
1606 2518 1655 2574 18.

346 2619 386 2684 In
400 2619 482 2682 line:
508 2626 529 2660 ⁶⁶
541 2617 724 2704 Expliciuut
739 2616 962 2683 Meditationes
977 2617 1138 2703 cujusdam
1154 2615 1301 2700 simplicis
1315 2616 1445 2693 cordati,
1462 2629 1493 2680 at
1507 2619 1689 2703 pauperculi
1704 2619 1768 2685 dia·

390 2740 413 2774 ‘⁶
427 2731 563 2809 calceati,
587 2741 618 2795 et
632 2729 851 2794 contemtibilis
865 2729 1025 2807 denudati,
1048 2728 1271 2813 sapientiorum
1285 2726 1452 2807 rudissimi,
1468 2727 1639 2793 electorum
1654 2731 1764 2810 infimi,

390 2851 413 2886 ⁶⁶
427 2853 459 2908 et
472 2843 629 2906 minorum
644 2841 774 2904 minimi.
819 2840 893 2905 Deo
906 2841 1054 2928 gratia5.'’

346 2953 386 3020 In
407 2953 549 3041 margine
573 2952 760 3017 adscribitur
780 2951 850 3016 haec
864 2963 955 3014 noto:
981 2959 1002 2991 “
1015 2951 1078 3015 Iste
1100 2949 1158 3014 fuit
1179 2949 1310 3014 devotus
1325 2949 1448 3015 Doctor
1471 2951 1695 3020 Bonaventura
1715 2956 1769 3042 qui

391 3072 412 3106 ‘⁶
427 3065 550 3150 scripsit
564 3063 648 3128 hunc
662 3073 828 3128 tractatum
843 3061 1021 3126 devotum.'’

346 3177 434 3246 Inter
450 3176 681 3244 Bonaventuroe
695 3177 811 3263 scripta
824 3185 1016 3252 recensetur,
1032 3173 1182 3239 Stimulos
1196 3174 1293 3238 divini
1309 3175 1433 3238 amoris.

346 3291 388 3358 In
401 3291 465 3356 fine
480 3291 641 3377 subjicitur
657 3289 759 3354 Index
775 3287 932 3372 Cupitum.

348 3402 388 3469 In
402 3401 517 3492 pagina
532 3401 640 3467 ultimi:
656 3405 710 3487 (ne
723 3421 822 3466 vacua
836 3398 1076 3484 relinqueretur)
1099 3391 1319 3462 adscribuntur
1333 3414 1440 3460 versus
1457 3401 1508 3474 91,
1525 3399 1701 3485 argumenti
1714 3399 1771 3486 pii,

390 3527 445 3582 aut
458 3513 595 3580 moralis.

349 3651 515 3738 Specimen
529 3649 581 3714 bic
594 3647 709 3714 habes:

391 3770 415 3804 ⁶⁶
430 3759 577 3837 Morbus,
595 3759 701 3846 Signa,
720 3755 829 3834 Cibus,
847 3753 1058 3840 Blasphemia,
1075 3753 1213 3844 Dogma,
1229 3755 1316 3820 fuere

392 3881 413 3916 ⁶⁶
430 3873 534 3938 Causa
547 3891 604 3935 cur
620 3867 782 3935 Christum
797 3867 890 3932 turba
906 3867 1021 3932 Secuta
1034 3866 1104 3931 fuit.

394 3991 416 4026 ⁶⁶
431 3983 615 4068 Paupertas,
633 3979 747 4057 Pietas,
764 3977 895 4056 Luctus,
911 3977 975 4042 sitit
989 3990 1021 4041 et
1033 3977 1207 4042 miseretur.

393 4101 415 4135 ⁶⁶
431 4093 481 4158 Sis
494 4089 630 4156 mundus
644 4087 750 4166 corde,
766 4087 806 4153 sit
821 4087 900 4164 Pax,
916 4099 949 4152 et
962 4087 1023 4152 eris
1038 4087 1104 4151 sine
1121 4083 1252 4153 somer

291 4240 322 4297 8.
346 4227 494 4307 Quinam
508 4245 699 4292 runcrarus
714 4243 758 4288 nn
776 4223 962 4290 Scaccraro
977 4242 1137 4299 nonanis,
1148 4223 1241 4307 juxta
1254 4241 1357 4284 mores
1367 4219 1541 4286 hominum.
1585 4222 1638 4288 fol.
1657 4233 1728 4296 157.

350 4342 403 4410 Sic
417 4340 545 4426 incipit:
570 4347 592 4381 ⁶⁶
604 4337 782 4404 Multorum
796 4335 927 4401 fratrum
943 4333 1034 4401 Ord’.
1056 4347 1088 4400 et
1109 4333 1305 4399 diversorum
1328 4334 1502 4400 Soolarium
1524 4337 1670 4421 precibus
1685 4362 1773 4426 pers·

393 4463 415 4498 ⁶⁶
425 4453 580 4521 unsus’'-

347 4567 474 4633 Titulus
488 4564 541 4630 hic
554 4585 613 4628 nec
627 4564 661 4626 in
682 4560 772 4625 initio
792 4580 852 4624 nec
871 4558 936 4624 fine
956 4559 1106 4624 tractatbs
1121 4559 1218 4645 ipsius
1232 4557 1358 4648 legitur,
1380 4560 1484 4626 sedin
1500 4561 1646 4630 Indiculo
1659 4579 1775 4632 tracta·

391 4691 491 4755 tuum,
507 4675 562 4763 qui
576 4676 609 4738 in
623 4671 713 4738 initio
726 4672 820 4758 hujus
836 4671 963 4737 Codicis
977 4669 1162 4760 praeligitur.

351 4789 414 4857 Per
426 4799 528 4854 totum
542 4785 658 4850 librum
674 4783 918 4850 Observationes
933 4783 1076 4848 Morales
1089 4807 1107 4848 e
1121 4782 1198 4848 ludo
1214 4783 1375 4850 Scacchiae
1389 4786 1542 4870 [Chesse]
1556 4789 1724 4856 ducuntur.

294 4937 326 4994 9.
347 4925 516 5006 Exnurnn
530 4941 574 4986 nu
591 4921 814 4986 Animanmua
835 4939 1026 4985 correnum
1048 4939 1071 4984 a
1093 4917 1277 4986 Maarsrno
1299 4919 1341 4986 0.
1385 4922 1440 4986 Ad
1460 4922 1587 4988 laudem
1608 4926 1705 5011 ipsius
1720 4929 1775 5015 qui

392 5047 441 5102 est
455 5033 563 5119 Alpba
576 5043 609 5096 et
623 5031 756 5118 Omege·
1564 5035 1639 5101 folio
1658 5043 1728 5109 176.

351 5147 404 5215 Sic
418 5145 528 5230 incipit
542 5141 749 5229 prooemium:
775 5149 797 5184 ‘⁶
808 5142 960 5229 Aperiam
973 5142 1008 5207 in
1023 5142 1186 5210 Parabolis
1200 5165 1236 5210 os
1250 5146 1420 5212 mcum''-

353 5261 405 5326 Sic
419 5258 534 5324 desinit
549 5255 759 5322 Prooemium:
783 5262 805 5297 ⁶⁶
815 5253 976 5332 Quoniam
990 5265 1138 5322 tractatus
1152 5267 1200 5321 est
1209 5255 1418 5342 parabolicus,
1433 5279 1454 5321 a
1466 5259 1616 5343 parabold
1630 5257 1703 5326 libri
1717 5263 1775 5328 Ju-

394 5378 416 5412 ⁶⁶
430 5369 536 5434 dicum
550 5365 716 5432 exordium
730 5387 907 5431 sumamus:
931 5366 1062 5432 luerunt
1074 5367 1161 5456 ligna
1174 5379 1210 5433 ut
1223 5381 1379 5456 ungerent
1392 5391 1487 5455 super
1502 5393 1535 5434 se
1548 5371 1734 5460 Regem”-

352 5505 494 5592 Scriptus
509 5513 556 5568 est
569 5502 622 5568 hic
635 5502 716 5567 liber
737 5502 777 5567 ab
793 5501 909 5568 Odone
923 5503 964 5568 de
979 5501 1139 5582 Centauri,
1162 5503 1221 5570 vel.
1238 5503 1385 5584 Sberton,
1408 5504 1571 5572 Monacbo
1588 5508 1775 5574 cistercien-

393 5619 430 5698 si,
446 5617 501 5705 qui
514 5615 621 5681 floruit
634 5615 757 5680 circiter
772 5615 858 5680 Α.Ι).
877 5624 971 5682 1180.
1016 5615 1156 5680 Vocatur
1170 5638 1190 5679 a
1205 5613 1313 5695 Badeo,
1326 5629 1358 5682 et
1374 5617 1490 5698 Pitseo,
1508 5619 1707 5700 Bestiariunr,
1722 5623 1772 5688 vel

395 5728 588 5794 Brutarium.
634 5725 699 5792 Sed
711 5725 830 5791 faciunt
850 5725 896 5791 illi
909 5749 951 5791 ex
965 5747 1030 5791 uno
1051 5739 1184 5792 mactatu
1199 5727 1299 5794 duos:
1321 5729 1366 5794 ita
1380 5729 1464 5794 enim
1478 5730 1606 5797 dicunt:
1632 5742 1653 5774 ‘⁶
1666 5735 1776 5820 Scrip·

395 5845 418 5882 ⁶⁶
432 5839 472 5904 sit
486 5837 561 5904 odo
577 5835 776 5916 Baatiarium,
791 5836 841 5904 vel
857 5835 1050 5917 Brutarium,
1065 5836 1120 5903 lib.
1139 5846 1166 5903 1.
1211 5837 1342 5904 luerunt
1354 5839 1450 5928 ligna,
1467 5853 1503 5906 ut
1517 5855 1670 5931 ungerent
1681 5865 1778 5930 super

396 5956 418 5992 .
432 5971 466 6014 ὅ.
482 5947 669 6038 Rem.-

353 6059 579 6128 Parabolarum
593 6083 673 6148 opua
688 6061 794 6128 aliud:
814 6060 868 6128 lib.
887 6069 915 6125 1.
961 6068 983 6106 ⁶⁶
993 6059 1144 6146 Apertam
1158 6058 1192 6128 in
1208 6058 1371 6130 Parabolis
1385 6085 1421 6130 os
1435 6067 1604 6132 meurn”-
