4650 7852
1048 1091 1206 1145 comens
1230 1090 1487 1146 MANUSCRIP'H

317 1485 360 1560 B.
379 1483 433 1560 ΙΙ.
451 1481 486 1553 8.
511 1473 731 1554 Junorunns
748 1489 867 1543 surnu
884 1465 1045 1540 Ysurnu.

327 1581 418 1625 '01:1ss

579 1618 833 1687 Commentarius
846 1627 894 1682 eet
909 1613 1100 1704 Hieronymi
1115 1635 1210 1702 super
1225 1614 1340 1682 iselam
1357 1613 1558 1701 Prophetam,
1581 1615 1715 1703 puchrt
1729 1617 1900 1686 admodum
1917 1623 2026 1712 Scrip-

534 1747 584 1800 tus
592 1758 601 1810 ;
616 1733 707 1798 lineis
722 1730 846 1807 divisis:
862 1729 960 1794 literis
974 1726 1196 1806 mediocribus,
1212 1727 1375 1805 rotrmdis3
1391 1741 1463 1793 aute
1478 1750 1578 1792 uunos
1593 1729 1718 1796 circiter
1732 1740 1806 1798 600.

580 1843 729 1911 Praefstio
743 1843 788 1908 sic
810 1841 937 1928 incipit:
963 1839 1153 1930 “Prologus
1175 1837 1258 1906 beati
1272 1837 1426 1906 Jeronimi
1448 1841 1480 1904 in
1504 1839 1736 1928 Explsuetione
1752 1841 1846 1912 Yssie
1863 1845 2023 1935 Propheta

536 1965 558 1999 “
572 1956 745 2042 incipit'-

580 2065 834 2134 Commentarius
849 2063 910 2128 sic:
936 2071 958 2104 ‘⁶
969 2063 1035 2126 Pro
1048 2063 1069 2128 J
1071 2061 1132 2128 udt
1147 2062 1180 2126 in
1196 2085 1260 2151 quo
1274 2063 1491 2152 significantur
1506 2069 1526 2128 2
1541 2065 1705 2131 tribus''-

578 2180 632 2247 Sic
645 2177 778 2244 desinit:
812 2175 887 2242 “Et
909 2176 1041 2240 mixtum
1062 2175 1227 2241 clementie
1250 2177 1443 2242 Sententiam
1469 2177 1491 2243 J
1492 2177 1600 2244 udicis.
1646 2179 1914 2266 Explanationum
1937 2183 2022 2248 bean'

576 2289 733 2358 Jeronimi
747 2287 780 2352 in
796 2285 911 2352 isaiam
928 2286 1120 2372 Prophetam
1135 2287 1216 2353 liber
1229 2289 1304 2376 xviij
1319 2289 1477 2376 explicit.”

579 2404 619 2468 ln
634 2403 740 2467 initio:
766 2409 788 2444 ‘⁴
799 2401 852 2466 De
866 2400 914 2464 coi
929 2399 1027 2464 librai
1042 2399 1196 2499 Mo'chop
1212 2400 1384 2466 Dunelr‘fr.”
1407 2414 1439 2468 et
1461 2403 1501 2467 eb
1523 2403 1583 2468 sliri
1598 2425 1711 2468 menn:
1737 2411 1759 2446 ‘⁴
1770 2405 1834 2470 Iste
1848 2405 1928 2471 liber
1937 2408 2023 2493 jece-

537 2523 560 2558 “
573 2515 628 2580 bat
642 2515 675 2580 in
689 2513 857 2580 armariolo
865 2514 959 2599 juxta
972 2511 1134 2577 introitum
1152 2511 1345 2590 lufirmarie3
1368 2513 1424 2579 sed
1439 2535 1524 2579 nunc
1538 2529 1586 2580 est
1600 2515 1642 2580 de
1660 2515 1835 2582 Librerii.”

452 2811 487 2886 9.
514 2801 763 2878 Exennunrro
781 2797 970 2875 Jnuorunr
989 2821 1043 2870 x11
1063 2796 1365 2874 Prorueriuuu.

580 2947 833 3014 Commentarius
852 2955 900 3008 est
923 2941 1113 3028 Hieronymi
1138 2944 1172 3006 iu
1197 2951 1236 3008 12
1254 2943 1428 3028 Prophetas
1449 2946 1607 3010 minores:
1629 2948 1702 3012 setis
1724 2948 1855 3034 pulchre
1877 2951 2021 3037 scriptus,

537 3067 726 3146 (tenemento
740 3058 813 3122 licet
826 3053 945 3140 psllido
954 3055 978 3135 3)
993 3053 1083 3118 lineis
1097 3052 1221 3130 divisis:
1243 3053 1341 3118 literis
1356 3055 1451 3140 paulo
1466 3058 1645 3144 majoribus,
1664 3060 1817 3138 rotundis,
1834 3075 1907 3128 ente
1921 3087 2021 3130 anuos

537 3169 671 3255 amplius
687 3179 761 3235 600.
806 3167 941 3232 Videtur
960 3168 1044 3230 euim
1065 3166 1193 3232 brissee
1214 3167 1302 3232 libris
1320 3169 1476 3234 Willelmi
1495 3171 1546 3236 1¹²¹
1559 3171 1717 3258 Episcopi.
1740 3175 1827 3254 [vide
1843 3176 2022 3242 Indiculum

537 3281 633 3368 paulo
655 3301 752 3365 supra
765 3284 1000 3358 memoratum]

581 3392 634 3458 Sic
649 3391 776 3476 incipit:
800 3389 950 3476 “Incipit
965 3388 1232 3474 Explunstionum
1254 3391 1286 3454 in
1304 3391 1388 3456 Osee
1405 3393 1596 3480 Prophetsm
1615 3393 1705 3460 Beati
1726 3397 1880 3462 Jeronimi
1897 3400 2023 3468 Presbi-

537 3503 597 3568 teri
611 3503 691 3568 liber
707 3502 828 3587 primus
842 3501 883 3564 ad
900 3499 1167 3566 Pammachium.'’

582 3609 625 3678 N.
638 3611 678 3678 B.
701 3611 804 3678 Voces
819 3611 871 3678 hae
885 3611 1015 3677 altemoe
1029 3625 1103 3678 sunt
1117 3613 1222 3678 rubrae
1236 3625 1268 3678 et
1282 3615 1413 3680 virides:
1437 3627 1468 3681 et
1483 3617 1527 3682 sic
1541 3617 1606 3682 fere
1620 3619 1653 3682 in
1664 3619 1855 3706 reliquorum
1870 3623 2023 3690 librorum

537 3725 627 3790 initio
642 3735 674 3790 et
688 3723 771 3789 fine:
794 3723 850 3789 sed
865 3723 980 3788 virides
995 3745 1179 3790 evanescere
1188 3727 1255 3810 jarn
1270 3726 1434 3812 incipiunt.

582 3835 637 3902 Sic
657 3835 789 3900 desinit:
823 3833 997 3920 “Explicit
1022 3835 1101 3900 liber
1124 3837 1364 3922 Explanationis
1389 3839 1479 3904 Beati
1498 3839 1652 3906 Jeronimi
1673 3843 1841 3910 Presbiteri
1864 3847 1896 3912 in
1920 3847 2024 3915 Mels-

541 3957 563 3992 “
578 3947 681 4014 chium
697 3945 890 4032 Prophetsm
912 3946 954 4012 sd
970 3946 1142 4014 Minerium
1157 3961 1189 4013 et
1204 3949 1452 4016 Alexandrum.”
1498 3951 1564 4018 Hae
1578 3954 1672 4018 etiem
1694 3977 1785 4022 voces
1807 3957 1935 4026 alterna:
1950 3975 2022 4026 sunt

543 4059 650 4125 rubro:
664 4068 697 4122 et
710 4057 835 4122 virides.

582 4169 623 4236 In
636 4167 745 4233 initio:
770 4175 792 4210 ‘⁸
806 4167 860 4234 De
877 4168 925 4232 coi
947 4167 1074 4234 libraris
1097 4167 1251 4268 Mo‘chop
1274 4169 1435 4236 Dunelffi”
1494 4173 1538 4238 Et
1557 4195 1577 4238 a
1597 4195 1694 4240 menn
1717 4178 1902 4265 antiquiori:
1927 4183 2020 4248 “Lib

541 4279 595 4349 Sil
613 4279 745 4347 Cuthltti
760 4277 784 4344 d
797 4279 971 4345 Dunlmon

457 4573 513 4642 10.
540 4565 729 4644 Junourru
748 4563 933 4638 Enrsronn
950 4587 1103 4639 numero
1123 4572 1206 4640 123.

584 4711 722 4780 Pulchre
738 4713 880 4798 Scriptus
895 4725 942 4778 est
956 4712 1008 4778 bic
1024 4711 1156 4790 Codex:
1171 4713 1261 4778 lineis
1276 4713 1382 4778 divisis
1390 4737 1399 4792 3
1414 4713 1511 4778 literis
1526 4714 1745 4798 mediocribus,
1762 4723 1924 4804 rotundis:
1948 4745 2023 4794 ente

541 4845 640 4892 unos
655 4834 737 4892 σου.
761 4823 884 4889 videtur
898 4825 982 4888 enim
995 4824 1090 4890 fuiss
1105 4823 1123 4890 t
1138 4825 1225 4890 nuris
1241 4825 1328 4889 wru
1347 4825 1397 4889 ι1111
1414 4825 1573 4912 Episcopi.

582 4935 701 5024 Opera:
714 4935 850 5021 pretium
864 4935 997 5017 videtur,
1015 4936 1154 5004 Nomina
1163 4955 1273 5004 eorunm
1287 4937 1328 5004 ud
1342 4955 1421 5026 quos
1431 4937 1582 5026 Epistolre
1592 4940 1718 5030 scripta
1725 4957 1808 5025 sunt,
1823 4945 2023 5035 alphabetico

538 5049 649 5116 ordine
662 5049 715 5115 hic
728 5046 891 5136 subjicere.
