4640 7842
852 1067 1038 1120 accusans.
1064 1065 1341 1120 nuumnusrs.
1760 1049 1832 1122 aus

116 1270 175 1346 C,
205 1271 241 1347 Ι,
272 1275 328 1352 19.
464 1277 485 1312 “
499 1267 675 1350 clesiastici)
697 1287 821 1356 gemme
834 1268 1012 1353 presidenti,
1038 1269 1262 1336 Constantinus
1285 1265 1473 1345 Affiicanus,
1495 1265 1569 1334 licet
1580 1267 1739 1358 indignus
1762 1293 1837 1337 suus

123 1368 244 1411 '⁰²¹⁰‘
459 1389 599 1446 “tamen
615 1379 858 1445 Monachus”-

416 1491 568 1558 Videmus
583 1491 645 1569 hic,
662 1493 836 1556 Auctorem
849 1490 942 1577 hujus
961 1491 1033 1555 libri
1047 1490 1142 1556 fuisse
1158 1491 1400 1556 (bustantinum
1414 1489 1581 1577 quendam,
1596 1503 1691 1579 geute
1706 1491 1831 1573 Astum,

456 1603 598 1668 instituto
612 1603 684 1668 vitae
700 1601 906 1667 Monachum.
951 1601 1041 1666 Idem
1056 1602 1182 1689 estqui,
1206 1625 1226 1666 a
1241 1601 1437 1666 Mmrarsterio
1450 1603 1563 1690 inquo
1587 1604 1683 1668 vitam
1707 1606 1831 1692 agebat,

459 1713 654 1778 cassinensis
668 1712 770 1778 dictus
784 1727 840 1778 est.
886 1711 1011 1777 Floruit
1024 1712 1115 1778 A.D.
1135 1719 1228 1782 1070.
1272 1712 1325 1777 De
1339 1735 1377 1776 eo
1391 1713 1462 1777 vide
1474 1713 1662 1794 Gesnerum,
1681 1715 1832 1784 caveum,

457 1827 486 1890 81
504 1823 635 1890 Petrum
648 1823 827 1889 Diaconum
842 1823 882 1888 de
899 1823 1109 1910 Scriptoribus
1127 1823 1373 1888 cassinensibus.

417 1935 598 2022 Pantegnus
620 1935 724 2022 igitur,
750 1933 812 2019 (vel
833 1932 947 2000 rectius
971 1933 1181 2012 Pantechnus,
1204 1935 1367 2016 Πάντεχνος)
1391 1955 1506 1999 nomen
1528 1947 1576 1999 est
1595 1935 1714 2015 fictum,
1739 1960 1834 2003 exeo

458 2044 545 2132 quod
558 2055 655 2109 totam
672 2042 833 2108 Medicam
847 2055 945 2108 artem
959 2041 1020 2108 hoc
1036 2043 1116 2108 libro
1131 2042 1403 2128 comprehendisse
1418 2043 1516 2108 videri
1531 2044 1638 2108 voluit.

418 2161 555 2229 Summis
569 2160 651 2228 foliis
664 2181 813 2226 numenrs
827 2159 979 2224 librorum
995 2159 1191 2224 amoribitur.

417 2274 559 2359 Scriptus
573 2283 621 2338 est
633 2272 686 2338 hic
702 2271 813 2337 Codex
827 2271 916 2336 lineis
931 2271 1037 2336 divisis
1045 2295 1054 2348 ;
1070 2271 1166 2336 literis
1181 2271 1399 2350 mediocribus,
1412 2273 1604 2350 acuminatis,
1621 2273 1694 2336 satis
1709 2272 1834 2361 elegan-

460 2384 561 2461 tibus:
576 2395 649 2448 ante
663 2405 761 2448 annos
776 2383 899 2447 circiter
913 2391 988 2448 400.

417 2495 568 2582 Ejusdem
583 2495 751 2581 Scriptoris
766 2494 923 2558 Viaticum
937 2493 1007 2557 vide
1024 2492 1103 2556 infra
1118 2495 1150 2556 in
1167 2493 1279 2557 Pluteo
1296 2517 1337 2558 rv.
1356 2495 1473 2560 Codice
1489 2505 1519 2559 4.
1535 2507 1623 2560 tract
1640 2505 1689 2562 lu:
1712 2510 1744 2562 et
1757 2497 1833 2564 ibid.

462 2605 581 2672 Codice
599 2613 647 2672 12.
663 2617 752 2671 tract.
770 2615 798 2671 1.
845 2606 887 2670 Et
903 2605 1124 2694 Regimentum
1141 2605 1298 2683 Sanitatis,
1315 2605 1389 2671 ibid.
1407 2606 1487 2670 Cod.
1503 2614 1534 2670 4.
1549 2618 1637 2672 tract.
1655 2617 1685 2674 5.

362 2775 392 2833 0.
416 2766 550 2832 Lrururu
566 2765 758 2845 Manem,
776 2765 948 2831 Pramnos
965 2771 994 2834 7.

420 2877 473 2944 Sic
488 2879 613 2964 incipit:
638 2878 886 2965 “Interrogatus
903 2877 1046 2942 Socrates
1061 2876 1219 2964 quomodo
1234 2888 1338 2961 posset
1352 2875 1469 2960 optime
1484 2875 1599 2954 dicere,
1622 2877 1793 2964 respondit,
1809 2877 1836 2942 si

462 2989 594 3055 “nichil
608 2989 734 3068 dixeris,
750 2989 809 3053 nisi
825 2989 910 3076 quod
924 2989 1042 3074 optimd
1057 2988 1245 3052 sciveris”—

418 3103 565 3168 Auctoris
580 3123 696 3167 nomen
716 3123 780 3166 non
812 3101 997 3188 apponitur:
1021 3101 1076 3165 sed
1091 3101 1131 3164 de
1147 3099 1265 3178 Titulo,
1290 3111 1322 3163 et
1343 3099 1519 3184 scriptionis
1544 3097 1615 3164 loco
1640 3111 1672 3166 et
1693 3115 1835 3188 tempore

461 3213 528 3298 ipse
549 3213 583 3277 in
606 3213 793 3279 Praelatione
819 3215 863 3277 sic
886 3213 1042 3298 loquitur:
1067 3211 1153 3276 “Ad
1174 3211 1328 3274 honorem
1353 3210 1448 3297 igitur
1469 3212 1543 3298 agni
1565 3211 1695 3292 celestis,
1719 3215 1772 3300 qui
1787 3225 1834 3278 est

462 3333 485 3366 ‘⁸
499 3324 647 3410 splendor
661 3337 692 3390 et
712 3325 814 3414 gloria
835 3325 898 3389 Dei
920 3325 1031 3401 Patris,
1056 3323 1140 3388 hunc
1160 3323 1276 3387 librum
1298 3321 1421 3385 intitulo
1444 3321 1560 3386 Lilium
1578 3323 1751 3389 Medicine.
1795 3325 1835 3390 In

463 3443 484 3476 “
500 3435 584 3500 Lilio
597 3436 682 3500 enim
703 3447 776 3500 sunt
796 3435 887 3498 murlti
900 3433 1012 3510 flores:
1036 3447 1067 3497 et
1081 3434 1113 3496 in
1128 3433 1268 3520 quolibet
1281 3432 1358 3496 flore
1380 3443 1453 3495 sunt
1475 3455 1530 3496 sex
1551 3431 1624 3496 folia
1639 3433 1781 3512 candida,
1804 3447 1837 3498 et

463 3555 484 3588 “
499 3569 555 3612 sex
568 3549 632 3635 gha
647 3547 820 3635 [germina]
835 3545 923 3632 quasi
937 3567 1041 3609 aurea.
1088 3545 1236 3610 Similiter
1251 3545 1309 3608 iste
1330 3543 1410 3606 liber
1425 3544 1563 3607 continet
1577 3557 1695 3630 septem
1710 3557 1834 3630 partes:

463 3664 485 3699 “
499 3679 633 3744 quarum
651 3667 702 3721 1¹³·
716 3657 775 3722 erit
789 3677 893 3732 auuea,
910 3654 1050 3730 rutilans,
1067 3665 1098 3718 et
1111 3654 1214 3730 clara3
1229 3653 1374 3716 tractabit
1388 3653 1472 3715 enim
1487 3653 1527 3716 de
1541 3654 1669 3731 morbis,
1684 3653 1836 3740 incipiens

462 3775 483 3809 ‘⁶
498 3791 518 3831 a
531 3767 685 3832 febribus:
708 3767 778 3830 aliae
792 3788 868 3830 vero
882 3787 938 3830 sex
952 3777 1057 3850 partes
1078 3775 1171 3828 erum
1184 3763 1327 3841 candide,
1351 3776 1591 3849 transparentes,
1614 3777 1646 3830 et
1660 3765 1833 3850 splendide,

462 3887 628 3966 “propter
648 3901 756 3944 earum
776 3877 929 3968 grandem
950 3875 1238 3941 manifestationem.
1283 3875 1452 3952 inchoatus
1474 3888 1578 3942 autern
1600 3888 1647 3940 est
1668 3877 1724 3942 iste
1744 3878 1834 3956 liber,

463 3998 486 4034 ‘⁴
500 4013 573 4056 omn
586 3991 704 4056 auxilio
726 3989 841 4056 Matris
855 3989 930 4068 Dei,
952 3989 985 4052 in
1006 3989 1149 4074 preclaro
1170 3987 1275 4054 studio
1297 3985 1419 4052 Montis
1436 3988 1608 4067 Pessulani,
1630 4001 1702 4074 post
1716 4011 1833 4054 annum

463 4102 680 4167 “vicesimum
694 4113 800 4167 nostre
813 4101 902 4178 lecte,
920 4098 956 4179 [l
971 4099 1104 4182 lecture]
1119 4119 1202 4162 anno
1218 4098 1286 4162 Diri
1303 4107 1395 4178 1300,
1412 4121 1518 4164 mense
1528 4100 1644 4186 Junij.''
1690 4101 1835 4166 Studium

461 4212 566 4300 itaque
581 4212 719 4278 Medicas
733 4213 808 4278 artis
822 4213 855 4276 in
872 4205 985 4276 Monte
1002 4209 1174 4275 Pessulano
1189 4209 1427 4296 [Moutpellier]
1442 4211 1517 4274 olim
1532 4211 1625 4276 ctiam
1639 4209 1754 4276 floruit.

418 4324 591 4390 Auctorem
605 4323 698 4411 hujus
712 4325 785 4388 libri
801 4325 899 4389 Gesn.
915 4335 1006 4385 vocat
1022 4320 1219 4386 chardum
1236 4321 1446 4400 Gordonium,
1461 4323 1520 4402 vel,
1536 4322 1576 4388 de
1591 4323 1746 4389 Gordiuo.

417 4433 530 4500 Codex
543 4434 595 4499 hic
609 4433 748 4522 ejusdem
762 4435 861 4499 aetatis
876 4455 947 4496 cum
962 4431 1152 4518 praecedenti
1167 4431 1299 4498 videtur.
1345 4434 1486 4520 Scriptus
1501 4447 1548 4500 est
1561 4457 1624 4500 non
1636 4435 1728 4515 male,
1744 4435 1833 4503 lineis

460 4546 584 4624 divisis:
598 4546 697 4610 literis
711 4546 895 4610 minorihus

360 4713 389 4768 3.
412 4701 613 4770 Taua-rarus
627 4723 745 4768 anavus
761 4723 803 4766 nr
819 4725 929 4768 umus
945 4725 1051 4768 suasa
1067 4723 1200 4768 nruauu
1217 4723 1260 4767 nn
1274 4703 1370 4769 Crusr
1383 4725 1424 4770 ar
1437 4706 1589 4772 Carrrcrs
1605 4727 1737 4786 munus,
1749 4727 1835 4772 corr-

455 4836 594 4888 ruuarus
618 4835 655 4879 ru
680 4835 852 4879 raucaruo
867 4835 989 4880 srunro
1014 4813 1154 4880 Mourrs
1179 4815 1380 4894 Passunrur,
1405 4817 1623 4882 aMacrsrao
1639 4819 1832 4886 Bnnuanno

457 4947 501 4991 nn
517 4927 694 4992 Gonnruo.

416 5033 640 5126 Fragmentum
655 5048 702 5100 est
716 5035 876 5100 dimidiam
891 5035 1036 5124 paginam
1053 5047 1175 5101 tantum
1190 5035 1333 5122 implens.

417 5147 579 5212 Gesnerus
589 5147 682 5234 hujus
696 5147 845 5213 tractatis
860 5169 924 5212 non
938 5147 1090 5212 meminit.

357 5319 388 5376 4.
412 5311 591 5376 Avrcruun
608 5307 760 5376 Caurrca
775 5329 847 5374 cum
865 5309 1064 5374 Couunuro
1082 5311 1267 5376 Avnanors.
1390 5309 1465 5374 folio
1480 5319 1531 5376 98.
1547 5311 1587 5376 ab
1602 5312 1690 5378 initio
1707 5313 1788 5399 Lilij.

417 5423 470 5489 Sic
484 5419 592 5505 incipit
615 5417 779 5484 Praefatio:
804 5419 976 5495 “Quando
990 5419 1137 5486 ventilata
1159 5417 1219 5484 fuit
1243 5441 1337 5503 super
1351 5441 1401 5484 me
1416 5421 1558 5484 voluutas
1573 5423 1748 5506 pernobile
1762 5445 1833 5508 pre-

454 5539 482 5592 fi‘
495 5541 631 5615 ceptum,
647 5552 688 5595 ex
702 5541 791 5616 perte
805 5530 918 5594 nobilis
934 5529 1066 5595 Domini
1081 5527 1294 5594 ardenar-

417 5643 514 5710 Liber
528 5642 573 5706 sic
594 5641 721 5726 incipit:
744 5639 812 5722 [sol.
829 5651 881 5707 98.
895 5641 926 5705 b.
942 5641 1001 5705 col.
1022 5647 1059 5720 2]
1083 5639 1254 5704 “Intentio
1275 5663 1345 5706 mea
1359 5641 1391 5705 in
1413 5642 1474 5707 hoc
1489 5655 1621 5708 tractatu
1643 5657 1690 5710 est
1710 5643 1834 5710 madere

459 5763 481 5798 “
493 5753 529 5817 in
543 5755 623 5818 Arte
638 5752 800 5818 Medicine
820 5775 878 5838 per
894 5753 1039 5818 Summas
1054 5751 1240 5819 sufficientes
1262 5774 1319 5838 per
1334 5753 1521 5836 [redundat]
1543 5756 1625 5819 viam
1639 5755 1776 5836 brevem,
1799 5769 1835 5820 ut

460 5875 482 5911 ‘⁵
496 5867 537 5932 sit
544 5868 643 5954 janua
656 5878 688 5931 et
701 5865 875 5931 introitus.”

1014 6005 1080 6062 011
