4640 7842
532 949 606 1022 cto
664 963 666 967 ’
1041 961 1198 1016 comens
1223 959 1478 1014 uunuscnnrr

289 1164 333 1240 B.
352 1161 421 1238 IV.
434 1173 496 1245 85.
579 1173 601 1210 “
615 1165 704 1234 Dolo
717 1161 932 1230 renundatus:
1306 1159 1413 1226 Orcus
1427 1170 1604 1244 prostratus

302 1259 423 1310 ΩΠΑΜῸ.

582 1287 605 1322 “
619 1277 732 1343 Turba
747 1275 976 1340 circumdatus:
1309 1271 1429 1337 Vinclis
1443 1271 1576 1360 ligatus:

585 1399 607 1434 “
622 1389 715 1456 Notis
730 1387 930 1476 incognitus:
1312 1385 1412 1452 Vultu
1426 1385 1545 1448 velatus
1561 1408 1568 1446 :

587 1509 609 1545 ‘⁶
625 1501 729 1567 Pilato
743 1497 896 1566 traditus:
1311 1497 1421 1564 Morte
1434 1496 1643 1583 dampnatus:

586 1619 608 1657 ⁶⁶
623 1613 755 1697 Spretus
769 1611 810 1676 eb
825 1609 989 1675 omnibus:
1311 1607 1409 1676 Cruci
1423 1605 1578 1674 cluvetus:

587 1722 963 1790 “Junctusletrorribus:
1314 1719 1400 1786 Felle
1415 1733 1560 1806 potatus:

587 1843 610 1878 “
625 1833 681 1900 Sol
695 1845 796 1898 morte
810 1831 961 1919 pallidus:
1313 1829 1594 1894 Trcrrslcnceetus:

587 1955 610 1990 ‘⁶
626 1946 749 2012 eruore
763 1943 927 2012 madidus:
1312 1941 1543 2007 Intumuletus:

590 2065 612 2100 ‘⁶
627 2055 842 2142 Triumphcns
856 2065 1019 2118 mortuus:
1315 2053 1455 2140 Surgeus
1469 2052 1600 2116 beutus:

591 2177 613 2212 ‘⁴
627 2168 736 2235 Decor
750 2166 936 2252 precipuus:
1315 2162 1397 2228 Orbi
1411 2162 1566 2248 prelatus:

592 2286 614 2321 ‘⁶
629 2277 755 2344 Ductor
768 2275 955 2341 exterritus:
1319 2273 1399 2338 Celo
1413 2274 1533 2339 levatus
1547 2299 1554 2337 :

592 2398 614 2432 “
629 2389 778 2477 Largitur
795 2387 950 2472 Spiritus:
1319 2387 1448 2452 Luxuns
1462 2397 1584 2450 rectus:

593 2510 615 2544 ‘⁴
630 2500 736 2566 Testis
751 2497 925 2565 veridicus:
1316 2497 1424 2564 Judex
1438 2499 1555 2564 iratus:

594 2622 616 2656 “
631 2613 742 2678 Victor
756 2611 960 2700 magnificus:

592 2731 616 2766 ‘⁴
632 2724 706 2788 Rex
722 2723 820 2812 Regis
834 2723 937 2788 filius:

595 2843 617 2878 ‘⁶
633 2833 773 2900 Foutslis
787 2833 914 2898 rudius:

600 2973 683 3038 Sunt
696 2992 804 3034 versus
820 2968 1009 3043 ὅμοιοτίλιντοι,
1021 2991 1100 3055 quos
1114 2969 1285 3066 rythmicos
1300 2981 1423 3036 vocent.

539 3141 570 3197 9.
594 3132 797 3198 Ture-rurus
822 3151 866 3195 nn
891 3151 1054 3214 Qusuuon
1070 3131 1285 3196 erumnus
1310 3130 1588 3208 Cunnrunmnum
1612 3129 1795 3208 Prudentis,
1821 3131 1903 3216 (lraec
1919 3153 2024 3217 perse

638 3255 748 3308 nostro
763 3241 872 3306 codice
893 3240 1024 3323 excidit)
1040 3241 1275 3326 Temperantisi,
1300 3241 1366 3326 (sol.
1384 3243 1428 3324 7.)
1475 3241 1682 3319 Fortitudine,
1707 3241 1772 3328 (fol.
1792 3252 1841 3320 16,
1859 3245 1904 3325 6.)
1954 3245 2028 3310 Jus-

637 3353 716 3430 urit,
733 3351 799 3436 (fol.
815 3360 868 3429 29,
885 3350 930 3432 b.)

598 3463 651 3530 Sic
664 3461 791 3548 incipit:
817 3470 838 3503 “
847 3461 945 3527 Dicto
960 3461 1001 3526 de
1017 3459 1201 3540 Prudentiri,
1217 3484 1279 3548 que
1294 3473 1341 3526 est
1354 3461 1458 3548 prima
1471 3461 1553 3526 inter
1570 3461 1754 3528 Curdinales
1771 3461 1977 3528 Virtutes”-

599 3574 742 3660 Scriptus
756 3584 804 3638 est
817 3573 869 3637 hic
883 3583 1032 3638 b'uctutus
1047 3571 1138 3637 lineis
1152 3572 1279 3650 divisis:
1301 3573 1398 3638 literis
1414 3573 1552 3652 minutis,
1568 3573 1762 3651 acuminatis,
1787 3573 1860 3638 sutis
1881 3573 2034 3663 eleganti-

641 3689 721 3752 bus:
736 3699 809 3752 unte
824 3709 923 3751 armos
939 3695 1014 3764 400,
1030 3697 1085 3750 eut
1099 3685 1193 3750 etiem
1208 3685 1352 3772 emplirls.
1445 3759 1446 3764 .

545 3858 574 3914 3.
599 3846 748 3912 chsnnr
766 3845 957 3912 chmurrs
975 3845 1176 3910 Iucnumun
1193 3845 1343 3910 Auours.
1843 3847 1871 3914 F
1871 3847 1911 3912 ol
1929 3859 1980 3916 83.

603 3959 655 4024 Sic
669 3957 798 4044 incipit:
823 3967 846 3998 “
858 3957 1049 4022 Admirebar
1063 3957 1197 4043 emplius
1213 3979 1307 4044 quem
1322 3957 1515 4024 ertuutio’'-

602 4069 692 4134 Libri
715 4081 747 4133 et
762 4067 910 4134 Auctoris
932 4091 1049 4134 nornen
1070 4067 1146 4132 lolio
1161 4068 1264 4154 primo
1286 4091 1305 4130 a
1320 4067 1485 4132 recentiori
1507 4089 1603 4132 menn
1618 4067 1808 4132 inscribitur.
1854 4069 2027 4158 Utriusque

644 4203 721 4246 vero
735 4202 851 4247 nomen
872 4181 906 4244 in
920 4181 984 4246 fine
999 4180 1071 4245 libri
1092 4181 1228 4266 aprima
1249 4202 1346 4246 munu
1363 4179 1532 4266 apponitur
1546 4179 1621 4244 folio
1642 4188 1695 4258 92,
1718 4180 1750 4245 b.
1773 4195 1805 4246 et
1818 4181 1940 4266 plenius
1955 4182 2029 4248 folio

650 4297 723 4368 112,
738 4289 770 4354 b.

606 4399 763 4468 Ricardus
778 4421 853 4466 vero
875 4399 929 4464 bic
958 4399 1111 4480 Eremim,
1135 4423 1211 4466 vero
1226 4401 1413 4490 cognomine
1431 4401 1553 4480 Rollus‚
1581 4401 1781 4480 cCoenobio,
1804 4404 1837 4466 in
1859 4426 1923 4490 quo
1936 4405 2031 4469 vitem

648 4510 793 4600 degebat,
817 4511 858 4576 de
874 4509 1036 4596 Hcmpole
1057 4511 1160 4576 dimus
1182 4524 1238 4577 est.
1293 4511 1435 4576 Eremite
1456 4511 1515 4576 fuit
1531 4513 1800 4602 Augustinienus3
1824 4513 1882 4577 Vir
1903 4514 2031 4601 quidem

642 4621 771 4710 doctus,
798 4621 854 4686 sed
880 4620 1039 4706 (Lelundo
1058 4621 1179 4708 judice)
1205 4622 1301 4710 paulo
1323 4622 1475 4690 eruditior
1500 4646 1596 4710 quem
1620 4624 1794 4690 fecundior.
1839 4624 1929 4690 Obiit
1944 4626 2033 4692 A.D.

654 4741 747 4799 1349.
794 4732 908 4798 Libros
923 4733 1039 4796 multos
1054 4733 1162 4812 edidit,
1179 4756 1314 4821 quorum
1328 4735 1457 4800 nomine
1471 4747 1635 4801 recensent
1651 4735 1821 4813 Lelendus,
1837 4736 1953 4824 illoque
1967 4738 2035 4824 ple-

650 4844 721 4908 nius
747 4842 864 4908 Buleiis
889 4855 921 4907 et
946 4842 1080 4908 Pitseiis.
1126 4843 1190 4908 Sed
1214 4843 1324 4909 dicunt
1345 4857 1512 4910 macutum
1537 4845 1579 4912 de
1605 4845 1757 4911 lucendio
1782 4847 1908 4912 Amoris
1923 4848 1956 4910 in
1972 4861 2035 4912 tres

650 4955 748 5020 libros
769 4955 903 5020 divisum
926 4977 1003 5035 esse,
1030 4967 1062 5020 et
1083 4955 1128 5019 sic
1153 4955 1315 5041 incipere:
1340 4957 1457 5023 “Cum
1482 4957 1646 5024 infeliciter
1659 4958 1834 5024 llorerem.'’
1879 4959 1946 5024 Hic
1961 4981 2037 5025 vero

652 5068 763 5138 unicus
788 5079 909 5134 tantum
934 5081 1000 5132 est:
1025 5067 1120 5152 (odeo
1146 5079 1252 5136 tumen
1266 5067 1391 5157 longus,
1418 5071 1508 5136 utin
1534 5083 1597 5136 tres
1619 5069 1784 5136 commode
1806 5069 1904 5134 dividi
1919 5071 2036 5156 possit:

649 5177 746 5242 hebet
759 5179 843 5242 enim
858 5187 911 5256 48,
934 5201 1033 5266 euque
1048 5200 1112 5244 non
1134 5179 1253 5258 brevio,
1271 5181 1399 5266 capita)
1422 5193 1454 5247 et
1468 5181 1552 5247 idem
1569 5182 1747 5248 Exordium
1760 5181 1866 5261 babet,
1893 5183 1979 5270 quod
1993 5181 2039 5246 illi

651 5291 795 5358 tribuunt
823 5291 912 5356 elteri
941 5291 1080 5377 ejusdem
1112 5293 1291 5378 Scriptoris,
1314 5293 1406 5372 libro,
1431 5317 1525 5381 quem
1556 5295 1732 5360 Melodinm
1758 5297 1887 5361 Amoris
1915 5306 2038 5361 vocant.

656 5403 721 5468 Sed
735 5425 845 5468 rerum
861 5403 952 5490 hujus
967 5403 1117 5470 uacuus
1131 5426 1200 5468 esse
1214 5425 1330 5470 nomen
1347 5388 1533 5470 Incendium
1548 5407 1678 5473 Amoris
1693 5407 1840 5486 ostendit,
1856 5429 1922 5472 non
1936 5407 2038 5472 solum

654 5513 782 5578 Titulus
796 5516 830 5578 in
844 5513 908 5580 fine
922 5537 941 5580 c
955 5514 1057 5602 primi
1072 5537 1168 5582 manu
1183 5515 1378 5602 adscriptum
1401 5517 1457 5583 sed
1473 5517 1571 5583 Liber
1585 5519 1679 5584 etium
1694 5521 1762 5606 ipse
1783 5519 1889 5586 multis
1903 5520 1936 5583 in
1951 5519 2040 5597 locis,

652 5627 828 5712 proesertim
850 5629 883 5692 in
904 5629 968 5696 fine
985 5629 1193 5710 Prtefetionis,
1217 5629 1272 5696 ubi
1294 5630 1457 5696 scribitur:
1482 5631 1610 5698 “Istius
1631 5633 1704 5698 libri
1726 5633 1835 5700 titulus
1852 5631 2038 5702 Incendium

657 5737 804 5802 “umoris
819 5738 996 5804 sortietur.”

615 5843 757 5930 Scriptus
771 5861 818 5914 est
832 5849 922 5916 lineis
936 5851 1110 5926 coutinuis:
1125 5851 1222 5918 literis
1238 5851 1355 5929 acutis;
1371 5863 1444 5918 ante
1458 5873 1556 5918 armos
1572 5853 1696 5920 circiter
1711 5863 1785 5921 800.
