4634 7874
507 1066 584 1138 410
1027 1081 1460 1135 conressussuscanrr

214 1203 415 1266 mmlx.

212 1291 493 1396 ffippffitlol.
509 1289 582 1350 lua
604 1281 658 1350 De
672 1281 742 1348 viro
763 1279 902 1368 quodam
926 1281 959 1346 iu
976 1281 1104 1350 lindebi
1123 1295 1248 1350 tumore
1261 1283 1410 1364 distemo,
1438 1281 1474 1350 S.
1491 1279 1670 1348 cuthberto
1684 1283 1847 1364 liberante,
1870 1303 1991 1356 sonato.

608 1395 713 1482 (807.)

514 1541 587 1606 117.
611 1533 707 1600 Facu
726 1531 918 1600 dissentione
941 1535 1023 1600 inter
1048 1535 1202 1602 Primates
1224 1547 1318 1600 terrm
1343 1547 1374 1600 et
1399 1533 1521 1623 Regem
1538 1535 1674 1624 Angliae,
1700 1535 1896 1603 Willielmus
1921 1541 1994 1606 Rex

610 1645 736 1726 Scotiae,
752 1645 885 1712 collecto
899 1648 1051 1726 exercitu,
1072 1648 1156 1734 oepit
1170 1647 1250 1712 fines
1265 1647 1502 1732 circumpositas
1519 1645 1758 1713 Northnmbn'oe
1771 1649 1834 1716 lata
1849 1651 1995 1739 depopu-

606 1757 732 1824 lationis
746 1771 850 1848 onage
865 1771 996 1824 1111111.
1054 1758 1126 1844 lpse
1142 1759 1226 1822 enim
1246 1757 1369 1822 11111111
1390 1757 1533 1844 partibus
1550 1757 1632 1846 Regi
1651 1758 1795 1825 Henrico
1822 1761 1992 1828 adversan-

607 1869 697 1949 tium,
715 1881 847 1935 conatus
866 1869 899 1934 in
920 1869 1010 1958 regni
1030 1867 1110 1933 solio
1124 1869 1191 1956 regi
1212 1869 1293 1954 patri
1312 1889 1419 1958 regem
1439 1889 1541 1954 nuper
1555 1883 1694 1934 meatum
1714 1869 1864 1956 praelerre
1879 1873 1991 1942 lilium.

608 1979 707 2060 Quod
730 1981 871 2048 ridentes
890 1981 1042 2047 australes
1058 1981 1185 2068 Anglioe
1208 1981 1370 2066 Principes
1393 2001 1464 2044 cum
1489 1980 1589 2046 multa
1607 2003 1703 2046 manu
1723 1985 1849 2048 militari
1876 1989 1993 2052 consti-

610 2093 677 2180 pati
701 2093 825 2180 cepere
850 2093 1025 2180 prevenire
1040 2093 1099 2158 811.
1143 2093 1291 2170 Qualiter
1302 2091 1497 2156 Dunelmnm
1522 2115 1630 2178 usqne,
1654 2097 1794 2160 exercitu
1811 2099 1990 2186 Anglorum

608 2205 763 2284 veniente,
792 2203 888 2270 Miles
911 2205 1051 2292 quidam,
1072 2205 1125 2292 qni
1146 2205 1189 2269 ad
1210 2205 1424 2292 Cymeterium
1445 2203 1538 2290 Equo
1552 2204 1743 2272 descendere
1760 2209 1871 2288 noluit,
1888 2213 1995 2278 subito

611 2339 683 2384 cum
700 2317 794 2406 Equo
809 2339 950 2404 praeceps
966 2317 1130 2384 corruerit.
1175 2317 1279 2401 (808.)

518 2462 588 2520 118.
612 2453 786 2532 Quomodo
802 2451 899 2520 Miles
923 2452 1052 2540 quidam
1066 2451 1229 2518 lohannes
1250 2451 1291 2517 de
1309 2451 1443 2516 Burdun
1465 2451 1603 2530 nomine,
1622 2453 1751 2520 Castelli
1766 2455 1806 2521 de
1823 2457 1996 2550 Dunning-

610 2569 788 2654 tnnejuxta
804 2566 1008 2632 Leioestriam
1031 2566 1064 2630 in
1086 2565 1171 2630 bello
1196 2566 1278 2630 inter
1295 2565 1416 2652 Regem
1443 2565 1620 2631 Henricnm
1643 2567 1672 2632 &
1694 2567 1777 2632 filios
1798 2569 1907 2635 lancea
1922 2595 1995 2660 per-

609 2677 740 2758 foratus,
756 2677 790 2744 S.
807 2676 975 2744 Cuthberti
989 2676 1108 2742 meritis
1121 2675 1219 2741 modo
1233 2675 1368 2740 mirabili
1383 2675 1423 2740 sit
1437 2689 1575 2742 1111111111.
1620 2679 1723 2762 (809.)

514 2845 586 2906 119.
610 2837 669 2904 Est
684 2837 827 2904 Ecclesia
848 2838 994 2926 quoednm
1010 2839 1042 2902 in
1064 2837 1217 2902 honorem
1235 2839 1267 2902 S.
1286 2835 1452 2902 Cuthberti
1475 2835 1619 2902 dedicata
1634 2839 1665 2902 in
1689 2840 1759 2905 loco
1774 2843 1827 2930 qui
1846 2845 1995 2914 Plumbe·

612 2949 691 3014 lund
705 2949 820 3016 dicitur
836 2951 867 3014 in
885 2951 1052 3016 Provincia
1067 2971 1138 3036 quae
1152 2947 1300 3014 Alredale
1316 2959 1445 3012 vocatur
1456 2949 1568 3034 posita,
1585 2973 1604 3013 a
1619 2953 1755 3016 nemoris
1771 2955 1995 3026 circumcinctu

610 3061 655 3127 ita
676 3075 796 3140 vocata,
820 3061 894 3148 quia
910 3061 1056 3124 silvarum
1080 3059 1280 3124 denssissima
1296 3057 1490 3144 plenitudine
1508 3059 1646 3148 undique
1668 3065 1885 3152 circumsepta.
1931 3071 1998 3148 Qui
2041 3101 2045 3110 ·

611 3175 689 3238 situs
703 3173 764 3238 loci
787 3173 828 3238 ab
843 3173 967 3262 anglico
989 3173 1188 3258 proprietatis
1204 3171 1329 3259 eloquio
1352 3191 1466 3235 nomen
1483 3173 1621 3258 propriae
1636 3176 1854 3260 appellationis
1870 3183 1996 3249 sortitus

608 3285 703 3350 luisse
717 3284 900 3362 dinoscitur,
926 3307 965 3348 eo
979 3283 1064 3371 quod
1083 3284 1255 3348 secundum
1270 3283 1398 3370 ydioma
1412 3283 1580 3370 anglicum,
1599 3285 1705 3366 Lund,
1729 3311 1839 3356 nemus
1853 3297 1923 3376 paci
1938 3296 1998 3360 do-

609 3411 718 3462 natum
730 3397 979 3484 cognominetur.
1013 3395 1169 3473 Qualiter,
1184 3394 1350 3460 Willelmo
1363 3395 1451 3482 ltege
1463 3397 1643 3460 Scottorum
1660 3411 1772 3464 terram
1789 3425 1914 3468 omnem
1931 3407 1994 3470 cir·

609 3531 648 3576 ca
664 3508 845 3574 Carleolnm
870 3507 1092 3594 depopulante,
1109 3506 1237 3594 quidam
1257 3505 1416 3572 sacculum
1437 3507 1639 3572 denariorum
1661 3510 1778 3576 iuratus
1800 3513 1939 3582 dedisti
1958 3519 1993 3584 S.

615 3620 784 3688 Cuthberti
800 3619 940 3686 Ecclesii
964 3642 1125 3707 nunquam
1140 3641 1212 3684 curn
1235 3619 1290 3683 illo
1311 3619 1351 3684 de
1368 3621 1541 3706 Cymiterio
1556 3623 1643 3688 exire
1658 3626 1803 3709 potuerit,
1826 3641 1913 3694 etex
1930 3653 1996 3696 uno

609 3723 743 3802 denario'
766 3756 860 3822 quern
875 3733 999 3800 sustulit
1020 3733 1235 3820 deprehensus
1258 3733 1306 3797 sit.
1352 3731 1446 3797 Tunc
1469 3736 1618 3818 temporis
1639 3737 1785 3822 populns,
1812 3740 1997 3808 Scottorum

611 3847 750 3913 sororem
765 3847 918 3926 devitans,
945 3845 985 3912 ed
1007 3867 1117 3932 pacem
1135 3845 1346 3910 Ecclesiarum
1370 3841 1601 3934 coniugiebant,
1628 3849 1706 3910 etin
1723 3852 1996 3936 cymeteriiscirca
2125 3927 2129 3942 Ι

614 3958 772 4026 Ecclesiae
787 3958 994 4026 domunculas
1009 3981 1064 4024 seu
1080 3958 1254 4046 papiliones
1269 3955 1353 4022 ferro
1368 3979 1422 4022 seu
1438 3959 1586 4022 stramine
1596 3972 1754 4026 contectas
1771 3963 1998 4036 inhabitabant.

614 4075 719 4158 (811.)

518 4217 591 4278 180.
614 4209 788 4287 Quomodo
803 4209 911 4290 Mdes,
929 4207 1108 4274 Rannull'us
1129 4207 1170 4272 de
1187 4207 1317 4294 capello
1332 4207 1469 4286 nomine,
1493 4221 1639 4274 contactu
1656 4211 1823 4296 Sepulchri
1841 4213 1879 4279 Β.
1897 4215 2001 4281 Cuth-

608 4321 690 4386 berti
704 4345 724 4386 1
737 4321 848 4386 dolore
861 4321 1004 4386 dentium
1019 4321 1060 4384 sit
1081 4332 1207 4386 curatus
1222 4331 1254 4386 et
1268 4319 1434 4386 dimidium
1455 4321 1558 4388 dentis
1577 4323 1730 4390 deciderit
1744 4328 1830 4414 qnod
1845 4329 1874 4393 ei
1888 4343 1999 4416 postea

611 4432 771 4498 ..111111
816 4433 919 4518 (sn.)

518 4577 590 4636 181.
614 4567 667 4634 De
683 4567 789 4634 Puero
811 4567 974 4654 cujusdam
998 4567 1151 4655 Pauperis
1173 4567 1408 4650 Dunelmensis,
1435 4571 1586 4638 Rannulfi
1609 4577 1746 4656 nomine,
1780 4577 1997 4658 Thelonearii,

614 4681 702 4767 cujus
724 4703 836 4746 manus
862 4679 969 4745 inflata
991 4701 1099 4766 panno
1113 4679 1234 4748 Thecae
1259 4681 1292 4748 S.
1317 4681 1484 4750 Cuthberti
1504 4687 1644 4752 involuta
1666 4702 1795 4774 repente
1817 4703 1865 4755 est
1879 4705 1999 4757 1111111.

615 4794 719 4878 (sta.)

519 4937 591 4998 182.
615 4927 788 5008 Quomodo
812 4931 845 4997 S.
863 4929 1057 4996 Cuthbertus
1073 4931 1229 4996 iuvenem
1250 4933 1378 4998 nomine
1395 4933 1517 5000 Virieth
1533 4939 1732 5022 percusserit,
1755 4951 1787 5004 et
1802 4939 1940 5006 deducto
1962 4943 1997 5006 in

615 5042 790 5109 Ecclesiam
805 5055 897 5110 nocte
922 5043 1113 5128 apparuerit,
1136 5043 1319 5129 etdepene
1341 5047 1479 5132 quamsi
1502 5047 1615 5113 inflixit
1640 5050 1728 5114 illum
1756 5051 1859 5116 subito
1884 5053 2001 5118 libera·

613 5155 703 5221 verit.
764 5153 896 5220 Factum
911 5153 972 5219 hoc
996 5155 1028 5218 in
1051 5153 1124 5218 villa
1146 5177 1217 5242 quae
1241 5155 1384 5220 Litthnm
1399 5157 1514 5224 dicitnr
1535 5161 1567 5223 in
1590 5161 1719 5250 regione
1742 5163 2002 5232 Amnndernesse

612 5267 668 5332 ubi
684 5265 781 5332 Miles
802 5265 930 5353 quidam
948 5265 1105 5331 Ricardus
1126 5266 1209 5332 filius
1234 5267 1364 5356 Rogerii
1386 5273 1625 5358 cognominatus
1649 5274 1806 5361 quandam
1824 5275 2000 5342 Ecclesiam

613 5379 646 5444 in
661 5378 783 5443 honore
799 5377 838 5443 B.
855 5377 1024 5444 Cuthberti
1039 5377 1080 5442 111
1095 5380 1205 5444 attavis
1227 5381 1481 5468 progenitoribus
1496 5383 1559 5448 suis
1582 5385 1614 5448 in
1629 5387 1742 5450 eodem
1756 5389 1916 5454 territorio
1930 5389 2003 5455 fun·

614 5489 720 5555 11111111
735 5487 847 5554 habuit
860 5491 918 5554 111.
962 5511 994 5574 p.
1010 5497 1084 5554 815.

522 5635 593 5694 188.
617 5625 790 5703 Quomodo
816 5625 966 5714 Armiger
987 5624 1115 5712 quidam
1130 5625 1206 5692 dicti
1222 5627 1336 5692 Militis
1351 5649 1411 5714 pro
1424 5651 1551 5716 passere
1562 5654 1657 5720 quern
1672 5635 1704 5696 in
1719 5633 1893 5721 Cymiterio
1919 5640 2002 5724 cepit

614 5737 744 5824 punitus
759 5737 809 5815 sit,
826 5749 858 5802 et
871 5737 970 5802 tercio
984 5737 1126 5801 exitnms
1141 5759 1265 5823 semper
1279 5739 1320 5804 ad
1334 5737 1440 5806 locum
1454 5743 1622 5827 pristinum
1637 5743 1786 5810 reductus
1802 5747 1851 5811 sit.
1897 5750 2003 5834 (818.)

526 5879 600 5944 tut.
623 5871 770 5950 Qualiter
794 5871 897 5938 dictos
913 5871 1011 5938 Miles
1035 5871 1207 5959 (Ricardns
1229 5872 1312 5938 lilius
1330 5875 1474 5964 Rogerii)
1497 5877 1539 5943 ad
1553 5891 1695 5945 extrema
1714 5883 1895 5968 perductus,
1917 5897 1948 5949 et
1970 5885 2004 5949 ia

619 5979 794 6050 Ecclesiam
820 5983 858 6052 B.
881 5982 1049 6050 Cuthberti
1068 5983 1153 6070 opud
1169 5983 1307 6072 Lythsm
1329 5985 1461 6068 delatus,
1484 5987 1529 6054 ibi
1551 5989 1655 6056 subito
1677 5992 1719 6058 sit
1737 5993 1810 6062 vitae
1831 5997 2004 6064 restitutus.

622 6095 725 6180 (819.)
