4650 7852
833 1061 1020 1121 EGCLBSIAE
1044 1061 1321 1122 omitterem.

92 1475 136 1552 B.
153 1473 235 1552 III.
250 1473 312 1544 04.
338 1463 519 1544 AEomrus
538 1461 740 1554 Ronanus,
759 1488 845 1540 cum
862 1465 1005 1542 duobus
1021 1465 1110 1542 aliis.

113 1571 214 1617 mm
336 1625 365 1684 1.
389 1617 537 1684 Eurorus
555 1615 728 1682 Ronanus
750 1635 794 1680 na
823 1615 1006 1682 Racrrnun
1023 1616 1235 1692 Parxcrrurr,
1258 1633 1371 1681 nmars
1387 1624 1418 1693 3,
1444 1613 1486 1679 ad
1507 1613 1688 1704 Philippum
1702 1618 1823 1704 primo·

434 1728 577 1818 genitum
592 1737 623 1792 et
636 1726 785 1792 heredem
802 1726 942 1812 Philippi
958 1727 1057 1826 Regis
1073 1726 1278 1792 Francorum.

395 1841 448 1907 Sic
469 1839 596 1926 incipit:
621 1847 642 1882 “
657 1839 709 1903 Ex
731 1838 817 1928 regib
839 1850 871 1902 et
893 1837 1085 1904 sanctissimi
1108 1837 1254 1924 prosapiei
1276 1839 1422 1918 oriundo,
1448 1861 1506 1904 suo
1529 1841 1655 1926 speciali
1669 1842 1823 1926 Domino,

440 1961 462 1996 “
478 1952 637 2038 Philippo,
652 1951 861 2041 primogenito
875 1950 1029 2016 etheredi
1043 1951 1346 2037 preclarissimiviri,
1363 1951 1431 2016 Dr'ii
1448 1951 1651 2038 Philippr’-

397 2065 539 2152 Scriptus
554 2076 601 2132 est
614 2063 666 2130 hic
680 2064 760 2130 liber
773 2063 863 2130 lineis
878 2063 1047 2128 dimidiatis
1055 2088 1064 2141 ;
1087 2063 1185 2129 literis
1200 2065 1384 2144 minoribus,
1400 2065 1515 2142 acutis3
1532 2077 1604 2130 ante
1618 2089 1718 2133 annos
1733 2071 1824 2135 circi-

439 2189 487 2242 ter
503 2186 577 2243 300.

340 2319 370 2377 2.
394 2311 642 2379 Oruscunur15
659 2331 847 2389 romonum,
865 2311 922 2378 ³¹³²·
942 2311 1127 2378 Carrrrsus
1143 2333 1369 2378 ursrrrrcrurr:
1393 2333 1527 2400 quorum
1546 2319 1599 2376 lmn
1615 2335 1659 2378 na
1675 2314 1826 2381 Iurens-

439 2445 541 2502 rosa,
560 2444 604 2490 nr
618 2443 699 2492 arus
722 2423 932 2507 Eaucrrouu,
946 2445 989 2490 ar
1004 2445 1092 2490 atus
1114 2444 1404 2490 rnorararnrmus
1427 2443 1493 2488 star
1517 2445 1826 2495 coxvnnrnnrmus.

1598 2536 1688 2600 Folio
1707 2548 1777 2605 105.
1793 2540 1815 2605 b

400 2646 452 2713 Sic
471 2645 599 2732 incipit:
624 2647 767 2713 “Primo
788 2656 836 2712 est
860 2645 1021 2712 sciendum
1045 2645 1131 2734 quod
1154 2645 1331 2731 Imperator
1351 2667 1417 2710 non
1438 2645 1577 2712 succedit
1599 2647 1737 2734 Imperio
1753 2653 1827 2738 jure

443 2757 712 2822 successionis''-

398 2869 453 2938 De
468 2870 662 2956 Imperatore
679 2871 860 2936 Germaniae
875 2870 1022 2956 loquitur.

401 2980 519 3067 Operoe
532 2983 668 3068 pretium
684 2981 743 3046 erit
756 2981 861 3068 legere
875 2981 1007 3044 sormam
1022 2979 1208 3060 duramenti,
1224 3001 1288 3067 quo
1304 2979 1530 3066 Imperatorem
1547 2983 1692 3048 Pontifici
1710 2987 1829 3052 Rorna-

441 3113 485 3156 no
499 3091 595 3156 fidem
610 3111 701 3156 suam
715 3089 912 3178 obstringere
926 3091 1002 3155 vult.
1499 3091 1574 3156 folio
1592 3104 1662 3160 106.
1680 3097 1738 3160 coi.
1754 3106 1785 3162 0.

345 3228 424 3296 tim.
440 3231 496 3297 Dc
513 3230 680 3306 Rnorsus,
697 3226 940 3305 Mnoxsrrsus,
965 3226 1195 3305 Poraurrnus,
1218 3246 1261 3292 ar
1284 3226 1492 3306 Gaunaosrs,
1518 3250 1690 3310 purcman
1708 3252 1746 3296 sn
1770 3255 1829 3298 nr.-
1942 3241 1944 3248 '

444 3361 535 3408 saur
549 3359 697 3405 umens.
1498 3337 1573 3403 folio
1591 3350 1662 3407 106.
1678 3339 1738 3408 col.
1755 3355 1785 3411 3.

345 3505 417 3571 3¹⁰2.
432 3503 489 3569 Dn
505 3501 705 3580 Mrtrrmns,
721 3520 764 3565 nr
778 3496 800 3567 J
802 3517 869 3565 uas
887 3495 1068 3567 Mrtrranr.
1165 3537 1169 3548 ·
1502 3497 1577 3562 solio
1595 3508 1666 3564 109.
1682 3501 1742 3565 col.
1758 3511 1789 3568 3.

402 3614 549 3681 Auctoris
564 3634 680 3677 nomen
694 3633 761 3674 non
782 3611 961 3698 apponitur.
1005 3609 1129 3698 Anglus
1150 3607 1245 3673 fuisse
1266 3607 1390 3673 videtur
1411 3631 1453 3673 ex
1468 3609 1666 3687 Proefatione,
1691 3634 1762 3698 quae
1783 3614 1833 3678 in·

444 3726 560 3810 scripta
578 3735 626 3788 est
657 3721 863 3810 “Magnifice
885 3721 1042 3799 bonitatis,
1066 3719 1207 3806 miremue
1228 3721 1352 3804 pietatis
1375 3719 1518 3786 Domino
1541 3719 1690 3800 Iohanni,
1716 3722 1834 3788 Infanti

447 3846 469 3879 “
483 3835 687 3912 inmitissimo,
703 3833 912 3898 illustrissimo
921 3832 1068 3920 generosi
1084 3831 1216 3896 Comitis
1230 3829 1326 3894 filio.'’

344 3937 348 3945 ’
404 3947 546 4032 Scriptus
560 3957 608 4010 est
619 3944 673 4008 hic
687 3943 871 4008 tractatulus
885 3941 926 4006 ab
941 3940 1052 4006 eidem
1065 3961 1162 4004 manu
1177 3939 1238 4026 qud
1260 3939 1381 4028 AEgidr'j
1396 3937 1485 4004 liber.

345 4119 376 4174 3.
400 4107 535 4172 Roorru
552 4124 596 4170 nn
612 4103 803 4170 wicram
827 4101 1070 4168 Conrrunrnn
1086 4099 1247 4178 Monens,
1272 4119 1316 4165 on
1332 4099 1519 4166 eruosrs
1537 4101 1666 4182 Farris,
1691 4124 1734 4171 ar
1750 4106 1836 4173 Drc-

446 4240 500 4284 rrs
514 4236 776 4283 sxaurnaarsus
791 4234 1034 4298 arripucrunt.
1540 4214 1593 4278 foi.
1612 4224 1645 4278 ll
1656 4225 1791 4288 1-207.

405 4331 458 4397 Sic
472 4329 599 4414 incipit:
624 4326 851 4412 “Sapientiam
874 4327 1074 4412 antiquorum
1096 4323 1240 4411 exquiret
1261 4323 1403 4409 sapiens3
1426 4336 1459 4389 et
1476 4325 1670 4392 narrationes
1696 4330 1835 4398 virorum

448 4450 470 4483 “
484 4441 716 4504 nominatorum
732 4437 939 4502 observabit?
985 4436 1060 4501 Ecc.
1077 4443 1130 4502 39.

406 4553 554 4620 Auctoris
568 4573 684 4616 nomen
706 4551 739 4612 in
761 4549 825 4615 fine
839 4550 971 4638 legitur:
996 4548 1169 4633 “Explicit
1192 4547 1424 4633 Compendium
1445 4548 1571 4614 Morale
1592 4550 1633 4615 de
1646 4554 1836 4638 quibusdam

448 4663 539 4729 dictis
561 4673 593 4727 et
614 4661 702 4726 factis
723 4659 955 4746 exemplaribus
978 4658 1178 4744 antiquorum
1192 4679 1250 4742 per
1273 4657 1435 4746 Rogerurn
1457 4659 1497 4724 de
1514 4660 1680 4727 Waitbam
1697 4665 1836 4731 Canoni-

447 4799 521 4843 cum
537 4775 684 4840 Londoir.
1526 4835 1530 4840 ,

409 4888 532 4954 Floruit
548 4886 697 4974 Roget-us
718 4881 771 4948 hic
792 4881 852 4947 sub
879 4879 1020 4946 Fuicoue
1035 4877 1157 4958 Basset,
1180 4877 1340 4968 Episcopo
1356 4879 1560 4959 Londinensi,
1584 4883 1638 4968 qui
1654 4884 1734 4950 obiit
1748 4887 1836 4954 nl).

453 5009 547 5067 1258.

410 5111 552 5196 Scriptus
567 5119 614 5174 est
628 5106 681 5172 hic
698 5104 810 5170 Codex
823 5103 914 5168 lineis
928 5101 1116 5180 dimidiatis3
1131 5101 1229 5168 literis
1242 5102 1463 5184 mediocribus,
1479 5105 1672 5184 acuminatis,
1688 5108 1762 5174 satis
1776 5109 1842 5176 cle·

452 5222 618 5311 gentibus:
634 5231 706 5284 ante
721 5239 820 5282 annos
836 5217 958 5282 circiter
972 5227 1047 5282 400.
1645 5237 1646 5241 ¹

394 5333 437 5402 In
451 5333 553 5398 fronte
567 5331 659 5398 iibri:
684 5337 706 5373 “
720 5329 760 5395 dc
775 5327 824 5394 cdi
837 5329 892 5395 lib.
908 5327 1063 5428 Mo⁰chop
1077 5327 1249 5396 Dunelffie’

269 5683 331 5751 05.
357 5671 586 5747 Tnacrarns
604 5663 754 5741 Mao’ar
773 5717 868 5740 ......
887 5659 1095 5736 Assnvrnn
1122 5683 1239 5736 susan
1256 5659 1394 5736 Er’nas
1418 5686 1466 5736 nr
1490 5663 1712 5740 Evnuonura
1732 5666 1841 5746 D'or.

451 5797 549 5870 cna?
568 5792 880 5894 [Dominicarum
898 5785 1038 5862 scilicet
1054 5785 1216 5882 dierum]
1233 5810 1305 5861 ran
1321 5810 1414 5861 auur
1432 5811 1640 5864 oracutum,

399 5965 528 6033 Titulus
551 5965 604 6030 bio
627 5963 704 6029 folio
725 5961 829 6049 primo
849 5959 1030 6026 inscribitur
1048 5981 1076 6036 a·
1088 5979 1195 6037 manu,
1217 5979 1282 6022 non
1303 5958 1405 6044 primd
1420 5959 1557 6046 quidem,
1580 5961 1636 6030 scd
1650 5964 1723 6031 satis
1737 5976 1844 6033 tamen

358 6077 497 6166 antiqui.
544 6074 598 6144 ab
612 6074 674 6142 alit
688 6095 804 6142 manu:
830 6072 997 6176 Sermones
1011 6090 1069 6156 per
1084 6069 1172 6136 Anni
1186 6067 1338 6136 circulum
1352 6069 1392 6135 de
1407 6069 1578 6158 Tempore.
