4640 7842
513 1038 584 1105 188
1032 1051 1191 1102 comcss
1215 1051 1473 1102 minumum

279 1261 320 1334 B.
338 1258 404 1331 lV.
423 1259 483 1328 lt.
605 1254 787 1320 osbernum
801 1251 1016 1328 confunduut3
1039 1273 1111 1316 curn
1135 1251 1179 1314 illi
1195 1251 1339 1315 tribuunt
1352 1249 1505 1338 AElpbegi
1519 1249 1630 1328 vim,
1642 1265 1677 1316 ct
1690 1253 1829 1318 Libras
1839 1255 1883 1320 dt
1895 1255 1999 1322 Musi.

289 1355 409 1406 Qum
614 1367 660 1444 cti,
677 1367 731 1452 qui
746 1365 831 1428 hunc
847 1367 1022 1428 Auctorum
1037 1363 1165 1429 hubent.

516 1513 546 1568 8.
570 1503 658 1566 Vsus
674 1502 799 1566 Ssucrr
816 1501 1013 1566 Auousrnu
1030 1501 1216 1566 Doorosrs.
1791 1502 1860 1566 Fol.
1876 1511 1949 1570 010.
1965 1503 1996 1570 b

576 1615 629 1678 Sic
643 1613 752 1697 incipit
770 1611 934 1676 Praefstio:
960 1618 981 1652 “
994 1611 1171 1696 Inspirsutc
1186 1633 1291 1676 rerum
1306 1611 1447 1676 omnium
1462 1609 1578 1674 sectore
1593 1623 1625 1676 et
1637 1611 1913 1700 gubernatorc”-

574 1725 649 1788 Vits
663 1724 730 1808 ipsu
745 1721 816 1786 hic:
843 1723 927 1786 “Ex
942 1722 1102 1808 provincii
1119 1723 1333 1812 Tbugustsnb,
1350 1723 1472 1788 uvion
1488 1722 1762 1812 Thagastensr-

572 1835 646 1902 vita
672 1835 740 1900 boec
763 1841 848 1922 (quse
869 1859 890 1898 s
905 1835 1048 1900 Possidio
1070 1835 1186 1922 scriptu
1207 1835 1277 1918 fuit)
1299 1836 1457 1924 plerisque
1478 1857 1611 1922 oportun
1626 1836 1795 1924 Augustini
1810 1837 1998 1902 editionibus

617 1946 802 2034 praefigitur.

576 2059 615 2123 Ei
631 2057 791 2144 subjicitur
808 2057 955 2122 Auctoris
969 2057 1108 2144 ejusdem
1123 2058 1264 2122 omnium
1280 2057 1449 2147 Augustini
1464 2056 1615 2122 librorum
1632 2056 1801 2122 lndiculus.

518 2207 548 2262 9.
573 2195 629 2262 Ds
645 2195 913 2260 Tnsusturrous:
930 2216 1020 2274 stus,
1037 2197 1252 2284 [Augustini]
1794 2194 1869 2258 lolio
1883 2203 1957 2262 036.

575 2308 627 2374 Sic
642 2306 771 2390 incipit:
795 2314 816 2346 “
829 2305 945 2372 Beatus
962 2307 1169 2394 Augustinus,
1184 2306 1261 2372 dum
1276 2305 1460 2392 Yppoucnsi
1475 2305 1711 2392 scpultuscsset
1724 2306 1869 2392 region&

576 2420 650 2484 Non
666 2419 775 2504 implet
788 2431 889 2483 toturn
904 2419 1024 2484 folium.

577 2531 651 2597 Non
666 2531 750 2594 editu
764 2543 812 2596 est
826 2531 895 2596 haec
912 2530 1156 2596 Nnrrstiunculs
1169 2555 1189 2596 s
1204 2531 1308 2597 Surio.

500 2677 549 2733 lo.
574 2667 742 2732 Errsrons
758 2687 857 2732 unsri
875 2665 1006 2732 Lsours
1023 2667 1114 2732 Pius
1138 2689 1181 2732 ort
1198 2667 1462 2734 Tnuususrrous
1478 2687 1577 2732 unsri
1594 2667 1717 2734 Jucour
1733 2669 1909 2746 Asosronr,
1931 2689 1999 2751 pus

622 2780 667 2844 3¹⁰
684 2779 768 2844 Kur.
786 2779 959 2845 Juuuurur
975 2799 1205 2844 cstnsnsrun.
1617 2783 1619 2790 ’
1811 2777 1864 2843 iol.
1881 2787 1953 2848 237.

578 2890 630 2956 Sic
645 2891 773 2975 incipit:
798 2899 819 2930 “
832 2889 950 2952 Noscut
965 2888 1141 2952 fraternitas
1157 2901 1258 2952 vestro
1273 2889 1464 2953 dilectissimi
1482 2888 1632 2953 Rectores
1650 2889 1954 2954 Christlonitntis”-

578 3001 637 3066 Est
651 3001 742 3065 unius
758 3013 878 3064 tontum
895 2999 969 3084 folij.

579 3113 652 3176 Non
668 3113 793 3176 invenio
809 3112 889 3174 iuter
905 3110 1021 3175 Leonis
1039 3110 1206 3196 Epistulas.

563 3311 704 3396 Scriptus
720 3323 767 3374 est
787 3309 839 3374 hic
856 3309 967 3374 Codex
990 3314 1067 3394 (non
1083 3321 1166 3374 totus
1181 3309 1309 3396 quidem
1330 3311 1371 3375 ab
1385 3311 1494 3375 eidem
1509 3332 1616 3387 mstru,
1639 3311 1694 3374 sed
1711 3324 1815 3376 tumen
1831 3333 1895 3375 uon
1912 3311 2003 3376 valde

522 3421 679 3502 dissimili)
703 3422 776 3484 setis
803 3421 971 3508 eleganter,
988 3421 1078 3484 lineis
1101 3421 1246 3508 iutegris3
1270 3421 1367 3485 literis
1392 3421 1612 3496 mediocrum,
1636 3421 1797 3498 rotundis:
1820 3435 1892 3486 ante
1907 3445 2008 3486 minos

520 3534 643 3597 circiter
659 3542 733 3598 600.
779 3531 937 3596 Caeterum
954 3530 1027 3594 folin
1042 3531 1162 3617 aliquot
1176 3531 1208 3594 in
1224 3531 1312 3594 initio
1327 3543 1358 3596 et
1372 3531 1435 3596 fine
1450 3532 1490 3596 ab
1505 3531 1637 3596 btuuore
1652 3547 1799 3618 corrupto
1814 3545 1895 3596 sunt.

565 3645 603 3708 ln
619 3643 693 3708 solio
708 3645 831 3730 primo:
856 3652 908 3708 “e
923 3644 970 3708 coi
988 3643 1140 3742 Mortuos
1157 3643 1328 3708 Dunelr'ir.”

438 3990 495 4058 15.
524 3983 679 4058 Isunour
699 3980 1058 4054 Euuruotoorunuu
1077 3977 1189 4051 Luuu
1208 3985 1269 4052 20.

564 4129 777 4214 Proeliguntur
803 4125 997 4214 singulorum
1021 4125 1191 4190 Librorum
1214 4136 1417 4212 argumenta:
1441 4131 1463 4166 “
1476 4123 1523 4189 Ut
1537 4123 1639 4188 volens
1662 4147 1726 4210 quc
1744 4123 1875 4210 requiris
1897 4121 1928 4184 in
1944 4122 2005 4185 boc

522 4249 543 4283 “
558 4261 691 4323 corpore
706 4237 768 4302 citd
783 4237 932 4314 invenire,
956 4235 1014 4301 hec
1029 4235 1096 4313 tibi,
1121 4235 1245 4314 Lector,
1263 4235 1378 4324 pagina
1392 4247 1547 4300 monstrat
1567 4235 1608 4300 dc
1623 4235 1736 4322 quibus
1750 4235 1784 4298 iu
1798 4235 1886 4298 libris
1900 4235 2005 4322 singu-

523 4359 544 4392 “
557 4349 661 4412 lis''-·

565 4458 721 4544 Prologus
750 4457 791 4522 od
819 4457 1025 4522 Breulionem
1043 4457 1087 4522 sle
1109 4457 1237 4543 incipit:
1262 4457 1436 4522 “Domino
1460 4481 1544 4536 meo,
1570 4469 1602 4524 ct
1621 4457 1684 4524 Dei
1707 4479 1813 4536 servo,
1832 4456 2006 4536 Brurrlioni,

523 4579 544 4612 “
560 4569 711 4636 Isidorus.
757 4569 854 4634 Omni
869 4569 1024 4634 desiderio
1039 4569 1215 4634 desiderati
1230 4591 1314 4634 nunc
1330 4569 1435 4634 videre
1451 4569 1561 4634 sociem
1576 4571 1728 4636 turud-

566 4681 738 4768 Prologum
753 4693 927 4766 sequuntur
941 4681 1012 4746 sliae
1026 4681 1100 4744 dure
1114 4680 1254 4766 ejusdcm
1269 4681 1310 4744 od
1325 4681 1461 4746 eundem
1477 4681 1646 4766 Epistolae:

569 4801 630 4858 1³⁸.
648 4793 740 4858 Prior
755 4795 798 4858 sic
814 4793 939 4878 incipit:
964 4791 1095 4870 “Quod
1109 4805 1140 4858 tc
1155 4793 1335 4858 incolumen
1350 4795 1494 4882 cognovi,
1509 4795 1625 4882 gratiss
1641 4791 1770 4858 Christo
1785 4793 1901 4880 egi’-

567 4904 747 4970 Brsulionis
763 4905 949 4990 Responsio,
966 4927 1038 4990 quoe
1052 4905 1202 4992 sequitur,
1218 4905 1281 4970 sio:
1307 4905 1428 4970 “Solet
1444 4905 1556 4991 repleri
1570 4903 1671 4970 letitit
1682 4903 1777 4968 bomo
1793 4904 1985 4967 interiod’-

565 5016 622 5082 2⁶¹.
646 5017 805 5082 Posterior
827 5017 890 5082 sic:
915 5026 937 5060 “
949 5017 1020 5082 Tuo
1044 5018 1222 5084 sanctim
1240 5017 1322 5103 Epl'e
1344 5017 1529 5104 [Epistolae]
1555 5039 1606 5082 ine
1627 5017 1662 5082 in
1683 5015 1775 5082 Urbe
1789 5015 1944 5082 Toletani
1960 5017 2008 5079 in·

525 5139 546 5173 “
561 5131 777 5194 venerunt”-

567 5241 665 5304 Liber
679 5241 799 5324 primus
815 5241 858 5303 sic
873 5239 998 5323 incipit:
1024 5247 1046 5279 “
1058 5239 1266 5324 Disciplinsa
1282 5239 1432 5304 illucendo
1446 5261 1562 5304 nomen
1577 5239 1761 5324 occepit’'-

568 5351 707 5440 Singulis
722 5351 809 5415 libris
824 5351 1033 5437 proeiiguntur
1049 5351 1205 5435 Capitule.

567 5463 710 5548 Scriptus
731 5475 778 5526 est
792 5461 843 5526 hic
860 5461 973 5526 Codex
987 5483 1051 5525 nou
1067 5461 1167 5537 meld:
1190 5461 1279 5526 lineis
1296 5463 1468 5540 continui„
1490 5462 1589 5528 literis
1602 5462 1823 5540 mediocribus,
1847 5458 2006 5536 rotundis3

522 5587 594 5639 onte
609 5597 707 5638 annos
723 5583 796 5652 500,
813 5573 973 5638 autetiam
990 5575 1108 5658 plures:

545 5757 547 5765 ¹
569 5686 774 5750 Proemittitur
789 5686 843 5769 (nb
856 5685 916 5750 alit
933 5687 1042 5768 manu)
1059 5686 1163 5750 lnclex
1177 5709 1289 5752 vocum
1304 5687 1527 5774 alphabeticus.

568 5795 697 5860 infolio
717 5797 820 5881 primo
837 5796 1067 5883 Etymologici:
1092 5796 1186 5860 “Lib
1202 5797 1297 5862 bots
1320 5797 1360 5862 de
1378 5797 1584 5884 Brakenbyri.
1607 5797 1648 5861 de
1663 5797 1712 5861 cdi
1725 5795 1839 5860 librar..
1850 5790 2005 5889 Mo⁰chop

525 5913 547 5950 ‘⁴
562 5907 733 5972 Dimum?
780 5909 853 5974 Fuit
867 5909 924 5974 iste
942 5909 1100 5974 Robertus
1115 5907 1246 5994 teqrrulis
1261 5909 1396 5976 Emerici
1412 5911 1453 5976 dc
1469 5910 1604 5989 Lumlei,
1620 5910 1674 5997 qpi
1689 5908 1768 5974 uiuit
1783 5907 1877 5973 AD.
1889 5914 1985 5970 1333.

570 6016 761 6084 Dueovide
778 6021 818 6084 A.
836 6041 888 6085 ru.
906 6027 934 6088 t.
