4592 7850
745 1111 931 1168 ECCLESIAE
956 1111 1238 1170 buronitanus·

56 1510 98 1584 C.
117 1509 242 1585 lv.a
270 1508 545 1586 Hirroeaarus.
598 1511 794 1590 Gnauuus.
846 1513 1146 1590 Cousraurruus.

62 1607 193 1656 Qunam

297 1691 323 1746 l.
351 1683 582 1748 Hreroeanrrs
598 1683 810 1762 Arnoarssn,
826 1705 961 1750 carrus.

353 1795 405 1860 Sic
421 1795 591 1880 incipiunt:
616 1797 710 1860 “Ars
725 1796 829 1884 longa,
847 1797 921 1860 Vita
936 1797 1102 1860 brevis'’-

352 1905 493 1995 Margini
510 1906 636 1971 Scholia
650 1908 748 1972 multa
762 1908 984 1973 adscribuntur
998 1909 1095 1974 literis
1110 1908 1337 1972 minutissimist

293 2073 323 2130 2.
348 2065 583 2131 Hirrocnams
599 2067 874 2144 Paoouosrrcou,
890 2067 999 2150 latine:
1570 2069 1658 2136 Folio
1677 2082 1725 2138 11.

352 2177 404 2242 Sic
427 2177 552 2262 incipit:
578 2177 722 2242 “Omnis
745 2177 799 2264 qui
826 2175 987 2240 Medicina
1003 2155 1080 2240 artis
1098 2176 1211 2255 studio,
1236 2169 1290 2242 seu
1312 2177 1454 2265 gloriam,
1480 2201 1535 2244 seu
1556 2180 1771 2248 delectabilem

396 2297 418 2328 ‘⁴
431 2291 602 2353 amicorum
618 2289 764 2374 consequi
780 2301 867 2374 optat
882 2288 1068 2372 copiam''-

351 2400 524 2466 Desumtus
550 2401 741 2488 estquidam
764 2399 816 2464 hic
838 2400 917 2464 liber
938 2423 979 2464 ex
996 2399 1201 2486 Hippocratis
1226 2401 1451 2489 Prognostico:
1475 2401 1529 2466 sed
1545 2415 1665 2468 unnim
1680 2405 1720 2470 ab
1735 2427 1776 2470 eo

393 2514 521 2591 recedit,
545 2527 581 2577 ut
595 2514 707 2578 Versio
721 2515 826 2577 vocari
848 2513 900 2576 vix
915 2513 1021 2597 possit.
1068 2513 1137 2576 Nee
1152 2535 1226 2576 sane
1242 2513 1448 2598 Hippocratis
1463 2538 1587 2593 nomen,
1612 2529 1665 2581 aut
1680 2517 1773 2582 alter·

395 2625 442 2688 ius
457 2627 649 2712 cujusquam,
673 2648 692 2688 a
706 2625 807 2710 primrl
822 2647 917 2688 manu
932 2625 1108 2714 praeligitur
1122 2623 1171 2688 vel
1185 2623 1269 2703 huic,
1293 2625 1342 2690 vel
1357 2627 1477 2690 caeteris
1492 2627 1584 2712 hujus
1608 2628 1773 2692 voluminis

393 2737 594 2801 tractatibus:
618 2761 637 2800 a
651 2759 746 2800 manu
761 2737 933 2800 recentiore
948 2749 1077 2800 vocatur
1091 2749 1212 2800 tantum
1229 2737 1325 2801 Liber
1342 2737 1629 2825 Prognosticorum.

351 2847 433 2912 Vide
450 2847 656 2934 Hippocratis
671 2859 702 2912 et
718 2848 832 2912 Galeni
847 2870 977 2932 operum
993 2848 1162 2912 editionem
1180 2849 1427 2927 Clrarterianam,
1445 2849 1538 2914 Tom.
1555 2859 1584 2912 2.
1600 2872 1671 2938 pag.
1688 2859 1759 2916 196.

352 2959 479 3026 Scholia
493 2959 638 3047 quaedam
653 2959 686 3024 in
700 2961 841 3047 margine
856 2959 1012 3044 adscripta
1026 2973 1110 3022 sunt.

296 3131 324 3185 3.
349 3119 486 3185 Gaesur
504 3122 575 3185 Ans
592 3118 743 3198 Mauros,
759 3119 865 3186 latine.
1455 3121 1456 3126 ’
1583 3121 1656 3185 l'olio
1676 3129 1726 3188 17.

353 3233 405 3298 Sic
420 3233 545 3317 incipit:
572 3242 592 3274 ‘⁶
602 3232 684 3297 Tres
700 3245 772 3296 sunt
787 3255 895 3296 omnes
911 3233 1051 3296 doctrine
1067 3255 1128 3318 que
1143 3232 1253 3294 ordine
1268 3231 1486 3295 habentnr’'--

352 3344 391 3409 In
406 3344 495 3408 initio
510 3344 636 3408 Titulus
658 3343 710 3407 hic
727 3344 905 3407 inscribitur
926 3343 994 3428 (sed
1017 3367 1034 3406 a
1055 3366 1150 3406 manu
1165 3343 1351 3424 recentiore)
1372 3343 1500 3406 “Liber
1516 3343 1620 3430 Tegni
1641 3342 1767 3407 Galleni

381 3465 540 3520 “vocatus
556 3459 619 3520 Ars
637 3455 768 3520 Parva.”
813 3455 886 3518 Vox
903 3454 934 3518 T
934 3455 1006 3540 egni
1022 3476 1127 3518 errore
1147 3455 1263 3542 librarij
1280 3457 1381 3540 posita
1395 3457 1518 3520 videtur
1532 3479 1591 3540 pro
1610 3455 1773 3542 Pantegni.

393 3567 510 3632 Vocari
524 3568 626 3652 potuit
642 3567 782 3631 Galenus
799 3567 979 3653 Pantegnus
1000 3565 1109 3630 eadem
1125 3567 1244 3630 ratione
1259 3567 1320 3653 quai
1339 3569 1562 3632 Constantinus
1580 3567 1774 3632 Cassinensis

393 3681 426 3742 in
442 3679 581 3743 Theorib
598 3679 762 3764 Pantegni‚
787 3677 873 3756 [vide
890 3677 1037 3740 Pluteum
1054 3698 1075 3738 1.
1095 3676 1175 3740 Cod.
1194 3685 1243 3742 19.
1267 3690 1355 3742 tract.
1375 3685 1419 3758 1.]
1442 3679 1527 3764 qubd
1550 3691 1646 3742 totam
1663 3681 1774 3742 Artem

395 3791 555 3855 Medicam
581 3789 642 3852 hoc
657 3789 747 3866 libro,
771 3788 820 3851 vel
842 3787 950 3852 saltem
974 3788 1005 3849 in
1021 3785 1149 3874 reliquis
1170 3788 1381 3872 subscriptis,
1405 3789 1598 3872 explicdsset.
1646 3789 1687 3852 Et
1702 3811 1776 3851 sane

396 3902 457 3966 hoe
471 3923 587 3965 nomen
603 3899 702 3963 multo
716 3899 830 3983 potiori
840 3901 913 3984 jure
929 3898 1054 3962 Galeno
1069 3920 1163 3985 quarn
1181 3898 1388 3962 Constantino
1402 3899 1584 3964 debebatur.

353 4017 417 4082 Pro
433 4015 563 4100 Tegnus
578 4027 692 4088 autem,
709 4011 758 4074 vel
775 4009 965 4097 Pantegnus‚
982 4009 1074 4074 scribi
1089 4009 1198 4072 debuit
1214 4009 1424 4087 Pantechnus,
1441 4011 1596 4089 πάντιχνος.
1643 4013 1705 4076 Sed
1721 4035 1773 4076 ac·

393 4137 500 4190 curata
517 4124 682 4210 Analogiae
706 4124 796 4201 ratio,
820 4121 854 4185 in
870 4121 992 4186 Graecis
1017 4120 1191 4206 praesertim
1213 4120 1320 4198 literis,
1347 4121 1388 4184 ab
1409 4121 1470 4186 isto
1492 4121 1598 4186 seculo
1620 4123 1775 4210 exigenda

393 4260 458 4300 non
473 4249 529 4300 est.

353 4348 480 4415 Scholia
494 4346 638 4434 quaedam
654 4345 686 4408 in
701 4343 842 4430 margine
857 4341 1013 4426 adscripta
1028 4353 1110 4404 sunt

296 4501 326 4554 4.
351 4487 597 4562 Cousrnurrm,
616 4481 781 4547 Monacrn
800 4479 1030 4554 Cassianusrs,
1048 4475 1234 4542 Vrarrcunr.
1611 4479 1732 4546 10138,

354 4598 480 4666 Titulus
495 4607 542 4661 est
556 4618 575 4658 a
589 4616 684 4658 manu
701 4590 848 4656 secundat.

355 4711 407 4776 Sic
421 4709 548 4794 incipit:
573 4698 764 4780 “Quoniam
780 4699 906 4788 quidem
922 4699 953 4762 in
970 4697 1148 4762 Rethoricis
1164 4697 1299 4776 Tullius,
1325 4721 1428 4777 omne,
1445 4699 1555 4786 inquit,
1566 4704 1777 4786 expetendum

398 4831 419 4864 ⁶‘
434 4821 483 4886 vel
521 4843 556 4884 ro
579 4831 627 4882 ter
642 4817 739 4880 se”-

355 4844 523 4998 Tractattii
539 4841 621 4994 idem
648 4925 729 4991 infra
743 4922 881 4988 occurrit
903 4920 984 4986 cod.
1003 4927 1052 4985 12.
1069 4931 1157 4984 tract
1176 4928 1190 4983 1
1207 4943 1214 4983 :
1238 4919 1294 4984 sed
1308 4942 1381 4984 cum
1395 4921 1427 4984 iu
1442 4943 1481 4984 eo
1497 4921 1617 4986 Codice
1632 4925 1694 4988 sint
1707 4923 1779 4990 libri

399 5053 429 5120 7,
445 5045 478 5106 in
493 5041 555 5105 hoc
569 5038 719 5124 septimus
734 5035 939 5100 desideratur.

347 5155 481 5248 ¹Scholia
494 5153 586 5239 plura
600 5150 633 5213 in
647 5149 788 5236 margine
803 5145 982 5210 scribuntur
996 5143 1093 5208 literis
1108 5143 1330 5208 minutissimis.

353 5265 504 5354 Ejusdem
532 5261 698 5345 Scriptoris
721 5258 780 5323 fuit
801 5257 942 5321 Theoria
965 5257 1129 5344 Pantegni‚
1152 5277 1246 5342 quam
1269 5277 1365 5340 supra
1386 5255 1537 5333 recensui,
1562 5256 1596 5319 in
1623 5256 1736 5323 Pluteo
1752 5281 1775 5326 r.

398 5376 479 5443 Cod.
497 5384 547 5441 19.
561 5385 650 5436 tract.
669 5380 696 5434 1.

298 5529 328 5585 5.
353 5517 588 5582 Cousrnuruu
604 5525 760 5574 crusnam
777 5504 1021 5568 Reoruuurum
1038 5502 1227 5566 Snurrarrs.
1587 5501 1663 5568 folio
1679 5511 1730 5574 75.

354 5625 481 5692 Titulus
506 5645 526 5686 a
548 5618 648 5706 primii
668 5637 764 5680 manu
783 5614 888 5679 nullus
913 5625 979 5677 est:
1002 5635 1022 5676 a
1045 5611 1180 5676 secundsl
1200 5612 1246 5695 (in
1268 5613 1362 5676 totius
1379 5613 1505 5677 Codicis
1519 5613 1621 5696 initio)
1647 5628 1776 5682 vocatur

397 5747 519 5800 tantum
536 5740 555 5773 ‘·
568 5729 722 5817 Regimen
736 5726 913 5802 Sanitatis,”
926 5725 993 5788 sine
1004 5724 1153 5789 Auctoris
1168 5723 1304 5786 nomine.
1352 5721 1414 5788 Sed
1424 5723 1516 5810 hujus
1525 5747 1592 5790 esse
1606 5725 1774 5812 Scriptoris

398 5849 514 5912 librum
529 5845 622 5907 istum
637 5863 678 5905 ex
692 5839 761 5924 ipso
776 5839 879 5902 statim
894 5837 985 5900 initio
996 5847 1091 5922 patet.

359 5962 411 6026 Sic
425 5955 551 6042 incipit:
576 5962 598 5994 “
613 5951 699 6028 Quia
714 5950 746 6012 in
761 5948 862 6033 primd
883 5959 972 6032 parte
993 5946 1092 6010 nostri
1113 5945 1185 6010 libri
1202 5945 1366 6033 Pautegni,
1390 5967 1461 6030 quae
1483 5945 1641 6012 'Ibeorica
1655 5969 1777 6016 nuncu·

401 6078 422 6113 “
435 6081 539 6156 patui,
554 6059 779 6130 rationabiliter
793 6057 940 6136 diximus,
956 6069 1108 6144 quantum
1122 6067 1246 6140 oportet
1255 6054 1420 6122 Medicum
1434 6057 1523 6136 scire,
1539 6080 1576 6122 ac
1590 6057 1775 6148 intelligere,
