4630 7860
512 1047 558 1116 19
1027 1063 1185 1118 comens
1210 1061 1465 1133 umoscnmrr

278 1258 327 1334 A.
348 1257 455 1337 II.1.
503 1259 746 1352 megnardum
770 1261 881 1351 quales
902 1275 976 1329 sunt
997 1264 1031 1328 in
1056 1263 1311 1341 Mutinensem
1334 1264 1368 1328 in
1395 1262 1508 1329 Marco
1534 1269 1616 1329 284:
1640 1265 1726 1347 (cum
1752 1262 1815 1326 sint
1840 1261 1989 1348 Capitula

290 1355 380 1400 mm
499 1386 628 1440 tantum
649 1382 702 1454 47,
728 1387 761 1440 at
784 1375 902 1439 Versus
931 1377 1047 1458 1700:)
1074 1377 1107 1440 in
1133 1375 1221 1442 Lucri
1245 1375 1342 1462 panib
1361 1375 1467 1460 plures
1486 1373 1582 1462 quim
1607 1383 1689 1450 8403
1719 1373 1876 1458 (ultimum
1901 1377 1986 1440 enim

504 1484 615 1552 solium
636 1485 775 1552 excisum
796 1487 874 1567 estr)
900 1486 934 1548 in
956 1487 1079 1553 Joanuc
1101 1493 1175 1552 289.
1231 1485 1297 1552 Hae
1321 1487 1483 1552 &odones
1505 1484 1639 1572 singular
1663 1485 1696 1550 in
1715 1485 1857 1574 margine
1881 1484 1987 1550 Evau-

505 1598 659 1686 goliorum
674 1608 873 1675 annotantur,
896 1595 1025 1685 sirnrilq,
1048 1598 1118 1664 loca
1131 1597 1281 1685 parallelo
1301 1599 1342 1684 (si
1357 1620 1428 1685 quse
1441 1597 1518 1680 sint)
1539 1596 1672 1662 aliorum
1694 1595 1987 1684 Evangelistar'um:

505 1707 568 1773 hoc
582 1709 687 1787 modo,
705 1708 767 1774 Mt
783 1709 870 1786 ccvi,
896 1707 961 1773 Mr.
977 1711 1080 1789 cxvii,
1094 1711 1133 1776 L.
1149 1711 1284 1776 ccxxxii.
1300 1709 1320 1774 i.
1330 1731 1358 1774 e.
1370 1708 1517 1774 Matthaei
1532 1708 1670 1776 Sectioni
1685 1710 1777 1774 206²·
1796 1708 1989 1794 respondent

508 1819 613 1885 Sectio
631 1827 726 1888 117⁰·
742 1818 858 1897 Marci,
875 1831 907 1882 et
921 1819 1011 1885 282⁶·
1028 1819 1136 1885 Lucae.

550 1929 721 2010 Coeterdm,
748 1929 834 2018 quod
857 1930 1047 1996 dictumest
1072 1932 1112 1997 de
1139 1931 1293 2017 Capitulis
1318 1943 1350 1996 et
1373 1931 1523 2010 versibus,
1556 1951 1621 1994 non
1650 1930 1767 2018 ubique
1796 1930 1990 1996 observatur.

507 2039 667 2105 Numerus
682 2042 766 2106 enim
781 2064 890 2106 eorum
904 2042 937 2106 in
951 2043 1096 2108 omnibus
1110 2043 1198 2108 libris
1212 2065 1278 2108 non
1292 2043 1477 2128 apponitur:
1493 2037 1557 2106 ¹sive
1572 2039 1657 2129 quod
1671 2043 1693 2105 ii
1707 2041 1780 2106 libri
1793 2064 1858 2106 rron
1872 2041 1989 2107 fuerint

506 2149 548 2216 ab
562 2153 697 2239 antiquis
712 2151 754 2217 ad
768 2175 841 2217 euru
863 2153 993 2218 modum
1007 2153 1116 2230 divisi3
1140 2177 1194 2218 seu
1210 2153 1284 2241 quia
1298 2153 1397 2240 (quod
1411 2153 1444 2217 in
1458 2153 1617 2218 nonnullis
1632 2153 1741 2218 saltem
1756 2153 1911 2238 suspicor)
1926 2152 1991 2218 dis·

458 2265 462 2272 '
506 2263 617 2328 tinctio
631 2287 669 2328 ea
683 2264 855 2330 scribarum
869 2263 989 2331 incurii
1003 2265 1146 2353 neglecta
1160 2265 1209 2330 sit.

493 2437 496 2444 ,
552 2373 694 2459 Epistola
708 2374 749 2439 ad
766 2375 923 2440 Hebraeos
945 2375 1093 2439 tribuitur
1109 2375 1228 2440 Paulo:
1253 2373 1337 2439 Nam
1356 2387 1388 2439 et
1402 2375 1434 2438 in
1458 2373 1568 2438 Indice
1589 2373 1742 2438 irbrorum
1763 2373 1915 2452 omnium,
1937 2372 1993 2460 qui

507 2483 669 2550 volumini
690 2486 794 2571 primo
807 2485 911 2572 primo
931 2485 1117 2574 prefigitur,
1142 2485 1295 2572 Epistoloe
1313 2493 1352 2550 14
1377 2485 1477 2550 Paulo
1499 2485 1697 2550 tribuuntur:
1720 2498 1752 2550 et
1774 2485 1806 2548 in
1820 2483 1884 2548 fine
1897 2484 1992 2570 hujus

506 2595 659 2682 Epistolae
679 2596 748 2662 haec
769 2609 845 2663 nota
866 2597 1071 2662 adscribitur:
1097 2597 1270 2684 “Explicit
1293 2597 1436 2682 Epistola
1457 2596 1499 2661 ad
1523 2596 1680 2661 Hebreos.
1726 2595 1878 2682 Epistolae
1902 2593 1994 2659 Pauli

504 2729 638 2773 amisero
656 2711 725 2774 14.”

549 2820 594 2884 Et
615 2819 685 2885 haec
707 2820 834 2906 quidem
858 2821 1052 2906 pervolventi
1071 2819 1141 2884 haec
1157 2820 1318 2884 volumina
1338 2830 1450 2882 notatu
1473 2816 1611 2880 maxime
1629 2815 1727 2903 digna
1749 2815 1815 2880 viso
1840 2829 1932 2892 sunt3
1955 2837 1996 2880 ex

507 2931 621 3017 quibus
637 2949 747 2994 eorum
762 2931 964 3014 comparatio,
979 2930 1029 2994 vel
1045 2951 1116 2992 cum
1130 2929 1218 2993 libris
1232 2928 1336 3005 editis,
1351 2927 1401 2992 rel
1415 2926 1564 2991 curualiis
1578 2925 1739 2991 codicibus
1752 2925 1857 2991 Msus
1873 2925 1993 2992 institui

505 3040 613 3126 possit.
661 3039 772 3104 Restat
785 3051 821 3104 ut
835 3037 952 3124 aliquid
966 3037 1142 3126 gurerrlius
1155 3038 1197 3103 de
1210 3038 1249 3104 iis
1262 3038 1456 3104 obsum

551 3149 591 3215 In
614 3149 717 3214 fronte
743 3149 897 3214 volumnia
921 3148 1016 3233 primi
1040 3148 1110 3216 hoec
1134 3161 1210 3214 uota
1232 3150 1370 3238 legitrrrr·
1403 3148 1535 3214 “Liber
1561 3146 1711 3236 Hugonia
1735 3146 1878 3213 Dunehii
1904 3145 1996 3233 Epi?

509 3260 612 3349 Hugo
634 3260 690 3340 [de
714 3261 863 3340 Puteaco,
887 3260 951 3325 sive
974 3261 1116 3347 Pudsey]
1139 3261 1237 3328 factus
1258 3275 1306 3327 est
1328 3261 1505 3348 Episcopus
1527 3259 1753 3324 Dunelmensis
1776 3259 1818 3323 A.
1828 3257 1872 3323 D.
1892 3267 1996 3324 1153:

508 3371 588 3434 obiit
602 3393 686 3434 anno
711 3380 804 3436 1194.
852 3372 986 3457 Superat
1008 3372 1104 3460 igitur
1124 3372 1276 3438 hic‘liber
1295 3395 1397 3437 annos
1413 3379 1487 3436 too.
1532 3371 1576 3436 Et
1595 3371 1723 3457 quidem
1746 3369 1851 3434 nullus
1872 3369 1996 3446 dubito,

508 3465 585 3569 quin
600 3481 682 3548 illius
691 3483 782 3568 jussu
796 3493 830 3546 et
844 3481 983 3568 impensi
1006 3481 1180 3569 descriptus
1193 3483 1297 3550 fuerit.
1343 3481 1456 3571 Longe
1469 3482 1553 3546 enim
1573 3481 1686 3567 privati
1701 3479 1837 3545 hominis
1852 3501 1928 3566 opes
1943 3503 1999 3544 ex-

507 3593 619 3658 cedere
634 3592 777 3656 ridetur:
801 3604 833 3656 et
846 3615 922 3656 vero
936 3593 1037 3658 simile
1051 3605 1107 3672 est,
1131 3617 1203 3658 eum
1218 3595 1272 3682 qui
1286 3595 1331 3660 uil
1346 3595 1406 3658 nisi
1420 3615 1570 3682 magnum
1586 3591 1766 3670 caesurae,
1791 3591 1998 3675 (comitatum
2074 3606 2079 3616 ·

508 3703 592 3766 enim
613 3701 851 3766 Northumbriae
873 3703 942 3782 sibi,
969 3703 1139 3792 Sadbergae
1161 3705 1255 3770 etiam
1279 3703 1517 3772 successoribus
1540 3703 1603 3768 suis
1625 3702 1836 3788 comparavit:
1862 3699 2000 3766 Ptocho-

507 3813 668 3900 trophium
685 3813 922 3880 Sh'erbornense
936 3814 1095 3880 fundavit:
1120 3816 1290 3902 Templum
1305 3816 1585 3905 Darlingtoueuse,
1601 3825 1633 3878 et
1649 3813 1781 3879 Pontem
1799 3812 2000 3876 Elvetensem

507 3923 661 3991 Dunehni
675 3925 828 4007 extruxit)
852 3937 899 3990 tot
920 3926 988 3990 aliis
1011 3927 1186 4016 magnificis
1201 3927 1360 4014 operibus,
1387 3927 1448 3992 hoc
1471 3927 1593 4015 insigne
1616 3947 1696 4011 opus
1720 3924 1877 3991 Biblicum
1901 3921 2000 4011 (quod

507 4036 585 4101 nulli
601 4036 798 4121 superiorum
813 4037 1044 4124 magnificentiis
1061 4039 1156 4122 cedit)
1172 4039 1306 4125 adjicere
1321 4039 1465 4106 voluisse.

552 4145 611 4210 Est
624 4146 709 4209 enim
723 4145 867 4232 egregius
882 4166 992 4208 revera
1005 4146 1095 4208 liber.
1141 4147 1283 4231 Scriptus
1303 4160 1351 4212 est
1366 4149 1520 4234 siquidem
1542 4147 1641 4210 literis
1656 4145 1836 4232 majoribus,
1859 4145 1932 4234 iisq3
1950 4167 2002 4209 ac·

508 4252 615 4318 cruat&
629 4253 787 4331 formatis3
803 4265 978 4318 atramento
991 4255 1121 4332 nitenti3
1142 4254 1177 4318 in
1190 4255 1381 4320 membranis
1395 4255 1626 4342 pulcherrimis.
1673 4255 1891 4340 capitulorum
1914 4255 2002 4340 prin-

509 4364 591 4450 cipia
605 4364 702 4428 literis
723 4364 815 4449 pictis
837 4377 1049 4438 mammen:
1073 4366 1244 4432 Librorum
1262 4380 1370 4434 utun
1393 4367 1588 4455 singulorum
1612 4365 1700 4428 initis
1725 4365 1823 4429 literis
1845 4365 2001 4444 maximis,

510 4475 602 4540 variis
614 4475 774 4540 coloribus
789 4487 822 4541 et
836 4499 914 4542 auro
935 4479 1077 4565 dqtictis,
1099 4479 1304 4545 illustrantur.
1352 4479 1395 4546 Et
1408 4477 1484 4544 sane
1498 4489 1585 4543 tantas
1597 4489 1646 4540 est
1667 4477 1771 4562 operis
1786 4473 1999 4562 pulchritudo,

508 4597 614 4650 tantus
628 4586 722 4664 nitor,
738 4597 774 4650 ut
789 4588 863 4671 (uisi
876 4601 953 4653 nota
967 4591 1119 4676 apposite,
1140 4605 1173 4656 et
1186 4589 1255 4677 ipsa
1268 4591 1433 4678 scripturae
1446 4589 1528 4654 ratio
1540 4602 1574 4654 et
1587 4588 1689 4652 hmo
1704 4598 1869 4652 testaretur
1883 4587 2000 4653 libnun

510 4715 578 4758 esse
592 4704 656 4761 500
671 4697 761 4760 annis
775 4699 990 4780 vetustiorem)
1012 4701 1066 4764 vix
1080 4701 1179 4764 videri
1193 4701 1291 4786 possit
1303 4701 1347 4764 ad
1364 4711 1426 4767 loo
1439 4722 1541 4765 annos
1555 4719 1729 4788 assurgere.
1776 4697 1932 4784 Equidem
1947 4698 2000 4760 vix

509 4803 606 4869 credo
618 4805 832 4890 pulchriorem
849 4809 882 4874 S.
899 4807 1075 4872 Bibliorum
1091 4807 1216 4874 Msium
1232 4811 1383 4875 Codicem
1395 4831 1490 4896 posse
1504 4811 1537 4873 in
1552 4811 1617 4874 tort
1634 4808 1763 4892 sumpt
1778 4808 1920 4872 inveniri.

554 4914 639 4980 Illud
653 4937 730 4980 vcro
746 4914 927 4996 dolendum,
952 4917 1038 5004 qubd
1051 4919 1158 5004 plures
1172 4941 1214 4984 ex
1228 4920 1325 4984 literis
1340 4919 1400 4982 illis
1414 4920 1506 5004 pictis
1528 4931 1560 4983 et
1573 4917 1730 4984 deauratis
1745 4941 1765 4982 a
1779 4918 1929 5008 sacrilegi
1944 4918 2002 4983 ali-

511 5025 575 5112 qui
596 5046 692 5090 mauu
714 5027 828 5090 excisas
843 5038 935 5103 sunt3
962 5039 994 5092 ct
1014 5027 1177 5094 literatruu
1197 5029 1298 5116 gratii
1320 5030 1443 5118 integra
1462 5029 1631 5116 aliquando
1652 5028 1748 5094 folia:
1773 5051 1838 5094 non
1852 5029 2003 5115 pauciora

510 5133 594 5200 euim
609 5133 704 5221 qudm
720 5146 740 5202 9
755 5134 830 5200 folia
843 5137 877 5199 in
891 5136 986 5201 initiis
1000 5136 1154 5202 librorum
1168 5136 1277 5203 deesse
1291 5137 1506 5204 animadverti.

556 5246 667 5312 Habet
681 5245 830 5313 volumen
843 5247 982 5335 primum
995 5247 1070 5314 folia
1084 5257 1167 5327 2203
1182 5249 1355 5315 secuudum
1373 5257 1434 5320 187
1446 5275 1456 5327 ;
1470 5250 1597 5316 tertium
1616 5257 1696 5326 1603
1712 5257 1859 5336 quartum
1876 5259 1948 5316 146.

304 5573 307 5582 .
426 5514 462 5580 2.
488 5505 710 5580 Brsuronuu
728 5507 937 5584 Sacaoauu
956 5509 1055 5584 Pras
1073 5533 1246 5585 secunus
1264 5509 1428 5585 Laurus.
1477 5509 1581 5584 Prior
1595 5510 1712 5587 deest

555 5649 785 5736 Complectitur
799 5653 861 5718 hoc
876 5653 1022 5720 volumen
1036 5655 1133 5721 libros
1147 5655 1224 5721 hos:
1249 5655 1513 5743 Paralipomenon
1529 5665 1560 5736 ἓ,
1578 5656 1759 5731 Proverbia,
1777 5651 1999 5731 Ecclesiasten,

512 5761 680 5827 Canticum
707 5763 920 5843 Contionum,
949 5767 1151 5852 Sapientiam,
1179 5767 1444 5847 Ecclesiasticum
1478 5769 1550 5832 Lib.
1577 5767 1691 5844 Tobie,
1717 5763 1838 5841 Judith,
1867 5761 2000 5843 Hester,

513 5873 625 5952 Eadm,
643 5872 889 5939 Maccabeorum
905 5883 935 5952 2,
953 5875 1106 5954 Psalmos,
1123 5876 1207 5940 Novi
1223 5877 1417 5941 Testamenti
1431 5879 1539 5957 libros,
1554 5877 1666 5941 ordine
1679 5875 1807 5962 vulgato
1821 5869 1999 5960 dispositos.

556 5983 596 6049 B.
612 5983 802 6070 Hieronymi
819 5985 948 6073 Prologi
964 5986 1094 6074 singulis
1106 5985 1195 6050 libris
1209 5985 1427 6073 praefiguntur.

556 6093 669 6160 Codex
684 6095 736 6160 hic
750 6095 846 6160 habet
860 6095 1007 6160 Veterem
1030 6096 1182 6160 librarian
1198 6094 1384 6159 divisionem
1405 6097 1438 6158 in
1461 6089 1630 6180 Cepitnla;
1657 6117 1790 6182 quarm
1805 6117 1954 6162 numerus
1969 6105 2002 6160 et
