4634 7874
492 1053 568 1139 696
1023 1081 1455 1142 conressuanutorurrr

205 1182 408 1246 srrsuntx.

209 1277 466 1370 Ἢῗηωῑῑπ.
493 1275 825 1500 teenth)Century.
893 1281 951 1383 (A
980 1289 1207 1388 manuscript
1232 1309 1332 1388 upon
1361 1287 1589 1388 parchment,
1614 1291 1819 1391 consisting
1845 1287 1891 1368 of
1913 1301 1988 1372 664

497 1429 620 1508 peges.

409 1687 471 1766 98.
501 1679 539 1758 A
557 1681 731 1782 Breviary
747 1706 848 1782 upon
865 1683 1254 1788 vellum-imperfect.

549 1833 630 1902 This
646 1835 770 1901 volume
784 1835 842 1902 has
857 1835 937 1902 been
952 1835 1066 1904 almost
1079 1837 1213 1926 entirely
1227 1837 1349 1906 robbed
1364 1837 1402 1904 of
1417 1839 1457 1904 its
1472 1837 1624 1906 beautiful
1638 1855 1831 1908 ornaments.
1876 1843 1917 1911 In
1931 1845 1987 1914 the

507 1947 666 2014 Calendar
681 1948 765 2014 Nos.
779 1969 900 2030 occurs,
918 1958 940 1992 ‘⁶
950 1939 1046 2016 Obit⁵
1062 1949 1189 2017 Thome
1205 1951 1294 2018 ‚lker
1308 1953 1407 2039 putris
1422 1954 1485 2018 mei
1501 1953 1581 2020 An0.
1596 1952 1690 2041 xiiij0.
1708 1953 1755 2020 H.
1771 1955 1857 2020 vi⁰.''

409 2243 469 2321 99.
501 2233 678 2312 Manuale
697 2186 931 2312 Ronranium.
983 2235 1046 2312 An
1071 2233 1265 2338 imperfect
1283 2235 1390 2314 MSS.
1417 2263 1517 2338 upon
1540 2239 1756 2340 parchment
1781 2239 1827 2318 of
1845 2243 1908 2320 the
1933 2241 1987 2320 fif.

499 2360 627 2436 teenth
645 2360 821 2462 Century‚
844 2371 867 2405 ‘⁴
881 2359 1061 2462 Anthony
1078 2360 1326 2462 Ovyngtou.'’
2070 2361 2071 2364 ’

412 2670 495 2740 100.
522 2661 561 2738 Α
579 2659 862 2738 Miscellaneous
876 2659 1047 2752 volume,
1066 2665 1102 2737 in
1121 2663 1185 2740 the
1197 2661 1456 2763 hand-writing
1473 2661 1518 2738 of
1528 2661 1591 2739 the
1610 2666 1697 2739 11th
1717 2679 1883 2770 century,
1903 2695 1988 2746 con-

524 2787 667 2886 taining
678 2785 792 2888 (from
809 2785 986 2886 marginal
1004 2799 1111 2862 notes
1124 2789 1161 2860 in
1179 2813 1201 2860 a
1217 2787 1501 2888 comparatively
1519 2787 1672 2863 modern
1691 2789 1821 2886 hand),

565 2945 594 3002 1.
618 2935 835 3002 iuventoriunr
860 2935 1079 3002 Kalendarum
1101 2935 1269 3002 Nonarum
1290 2948 1323 3000 et
1345 2935 1462 3000 Iduum
1485 2957 1558 3002 curn
1580 2937 1862 3026 significationibus
1883 2945 1985 3010 nomi-

620 3071 708 3116 num.
752 3049 821 3116 il.

662 3171 683 3205 “
696 3162 838 3228 Isidorus
860 3161 955 3228 dioit”
977 3163 1035 3228 bc.
1082 3161 1223 3228 Isidorus
1247 3161 1424 3249 Episcopus
1453 3161 1669 3230 Cordubensis
1697 3165 1805 3233 floruit
1835 3170 1883 3235 Αο
1913 3179 1988 3240 460.

617 3273 710 3340 Alter·
724 3297 799 3339 vero
820 3274 960 3361 ejusdem
984 3275 1120 3340 nominis
1142 3287 1174 3340 et
1196 3273 1462 3361 Archiepiscopns
1487 3275 1691 3362 Hispalensis
1712 3278 1822 3346 floruit
1844 3282 1884 3346 ab
1906 3303 1991 3350 anno

619 3397 682 3454 596
699 3387 852 3474 usquead
869 3409 987 3452 annum
1003 3396 1077 3454 696.
1122 3411 1151 3453 v.
1170 3387 1248 3453 Cavi
1264 3387 1347 3453 Tab.
1361 3387 1542 3454 Ecclesiast.

654 3497 728 3569 (lire
739 3498 807 3570 signs
819 3497 902 3554 olthe
915 3499 1038 3554 Zodiaclr
1056 3517 1101 3554 are
1112 3499 1261 3554 delinented
1273 3501 1300 3554 in
1318 3499 1365 3555 the
1376 3501 1476 3572 margin
1488 3501 1592 3556 oleseh
1605 3501 1707 3570 mouth,
1724 3503 1787 3559 trith
1800 3505 1846 3561 the
1862 3516 1933 3563 mort
1945 3508 1992 3566 de-

620 3593 700 3650 licate
712 3613 774 3668 pen,
784 3595 836 3650 aad
849 3612 927 3666 many
936 3595 969 3650 ol'
976 3595 1048 3652 thern
1057 3595 1084 3650 in
1096 3613 1113 3651 s
1124 3613 1233 3652 manner
1244 3595 1374 3669 elegantly
1387 3595 1550 3669 contained.)

564 3725 595 3784 6.
619 3717 703 3796 Quae
719 3719 759 3784 sit
772 3717 905 3784 inicialis
922 3715 1015 3784 Feria
1029 3718 1170 3808 quolibet
1184 3741 1292 3786 mense
1315 3719 1481 3808 cujuslibet
1497 3720 1572 3784 anni
1587 3719 1708 3786 solaris.
1752 3721 1773 3786 s.
1790 3730 1841 3788 64.

564 3867 595 3924 n.
618 3856 673 3923 Ad
688 3855 851 3922 sciendum
867 3869 981 3922 etatem
998 3857 1100 3922 Lunae
1115 3880 1174 3944 pro
1189 3857 1241 3924 die
1256 3859 1423 3946 cujuslibet
1436 3859 1553 3924 mensis
1567 3881 1625 3946 per
1639 3857 1800 3948 regulares
1815 3861 1941 3928 lunares
1956 3875 1989 3930 et

615 3981 751 4056 epactas.
796 3967 818 4033 f.
835 3977 887 4048 64,
904 3969 936 4036 b.

560 4117 593 4173 4.
616 4105 671 4173 Ad
682 4105 844 4172 sciendum
859 4103 1057 4170 inductiones
1072 4118 1105 4170 et
1118 4105 1284 4170 bissextus.
1329 4105 1350 4170 f.
1367 4113 1419 4172 65.

562 4251 592 4310 5.
617 4241 682 4308 Pro
698 4241 792 4308 Luna
809 4239 918 4306 Prima
932 4240 1060 4307 scienda
1074 4263 1147 4306 curn
1162 4241 1445 4318 concernentibus.
1480 4239 1501 4308 l'.
1519 4251 1571 4321 65,
1589 4243 1620 4308 b.

561 4387 592 4444 6.
617 4377 682 4444 Pro
697 4377 876 4442 inventione
890 4375 1040 4442 festorum
1057 4377 1219 4442 mobilium
1235 4381 1293 4444 dte.
1338 4377 1358 4441 f.
1376 4385 1428 4455 66,
1446 4375 1477 4442 b.

561 4523 592 4584 7.
616 4513 714 4602 Signa
724 4513 890 4599 cujuslibet
900 4513 1015 4577 mensis
1030 4525 1062 4577 et
1076 4511 1164 4578 horoe
1179 4513 1301 4580 dierum
1317 4513 1526 4580 artificialium
1541 4513 1706 4600 cujuslibet
1720 4515 1846 4581 mensis.
1892 4529 1944 4598 35,
1955 4520 1986 4586 1).

561 4659 591 4716 0.
614 4649 668 4716 De
697 4647 797 4712 tribus
827 4647 1028 4734 opinionibus
1053 4648 1304 4714 Resurrectionis
1328 4647 1447 4714 Christi
1470 4648 1557 4734 (with
1580 4649 1795 4738 disquisitione
1817 4675 1860 4718 on
1888 4677 1984 4745 many

613 4760 706 4826 other
719 4759 825 4846 points
840 4759 877 4824 of
889 4761 1051 4847 Scripture
1065 4759 1286 4850 chronology.)

560 4908 591 4966 9.
614 4897 759 4984 Epistola
774 4897 911 4963 Dionisii
925 4897 967 4964 ad
980 4896 1177 4964 Bonifatium
1192 4897 1410 4962 Primicerium
1421 4895 1628 4962 Notariorum
1643 4911 1675 4962 et
1689 4897 1809 4965 bonurn
1825 4903 1979 4972 Secundi·

613 5009 733 5075 cerium
748 5007 788 5073 de
804 5009 928 5075 Ordine
945 5007 1099 5074 Paschali.
1144 5005 1165 5072 f.
1182 5018 1235 5086 40,
1254 5005 1284 5072 b.

537 5153 587 5212 10.
611 5143 755 5230 Epistola
769 5143 918 5232 Dionysii
939 5142 980 5208 ad
993 5141 1177 5208 Petronium
1201 5141 1395 5228 Episcopum
1410 5141 1450 5208 de
1475 5141 1600 5232 Regula
1621 5143 1766 5210 ordinata
1787 5167 1847 5234 pro
1871 5149 1981 5219 Pascal.

612 5253 801 5455 illidbysins
816 5366 949 5456 exiguus
966 5364 1075 5432 Abbas
1093 5363 1257 5430 Romanus
1271 5360 1340 5429 dor.
1358 5367 1447 5447 565.)

543 5513 592 5572 11.
618 5501 766 5570 Circulos
780 5523 913 5592 magnus
929 5497 1076 5588 Dionysii
1098 5523 1182 5566 anno
1198 5507 1261 5568 565
1278 5513 1472 5566 contextum.
1516 5501 1536 5566 f.
1553 5509 1627 5569 456.

544 5649 595 5708 16.
619 5640 740 5708 Modus
754 5637 939 5705 monocordi
954 5637 1128 5704 secundum
1144 5637 1325 5705 Gvidouem
1340 5650 1372 5703 et
1387 5635 1545 5703 Boetinm.
1590 5637 1612 5704 l'.
1629 5647 1682 5718 59,
1699 5637 1730 5706 b.

545 5787 594 5843 15.
618 5777 810 5864 Helpericus
828 5777 1025 5862 Compotista
1039 5775 1079 5839 de
1093 5787 1161 5840 arte
1176 5775 1387 5852 calculatoria,
1412 5795 1484 5840 cum
1499 5774 1610 5864 figuris
1625 5777 1788 5865 signorum
1802 5779 1861 5844 &a
1894 5778 1915 5844 f.
1932 5789 1983 5847 61.

616 5886 774 5973 (Tempus
787 5887 881 5973 hujus
895 5884 1126 5971 compilationis
1142 5883 1200 5948 fuit.
1215 5905 1316 5948 annus
1333 5893 1407 5950 990.
1452 5881 1472 5947 f.
1490 5885 1556 5966 70.)

541 6032 591 6090 14.
615 6021 773 6102 Quaedam
795 6037 944 6109 excerpta
965 6021 1006 6086 de
1022 6019 1220 6086 Venerabilis
1238 6018 1347 6084 Bredoe
1362 6019 1443 6084 libro
1465 6041 1560 6108 quem
1583 6021 1708 6108 scripsit
1733 6021 1774 6089 de
1789 6023 1985 6111 temporibus

615 6134 705 6220 (with
719 6147 792 6201 nest
805 6134 967 6224 &ningo
978 6133 1011 6199 in
1026 6133 1145 6199 osthus
1160 6131 1199 6198 oi
1207 6131 1262 6198 tlae
1276 6131 1539 6217 constellatione.)
1580 6131 1604 6198 l.
1619 6141 1675 6204 77.
