4650 7852
822 1103 1008 1160 ECCLESIAE
1033 1101 1308 1156 DUNELMENSIS·

105 1473 220 1615 gh}
247 1489 307 1560 ct.
334 1481 482 1558 Tunrm
500 1507 591 1559 runs
609 1484 906 1565 Bounvnururur.

374 1617 595 1700 Bonaucnture
612 1634 788 1700 Cardinalis
804 1633 969 1720 Expositio
983 1632 1055 1698 libri
1069 1632 1151 1718 tertij
1169 1631 1399 1696 Sententiarum
1416 1627 1503 1694 Petri
1518 1624 1702 1694 lombardi.

375 1748 428 1813 Sic
441 1746 569 1832 incipit:
588 1746 717 1818 “Deus
731 1757 835 1810 autem
850 1746 904 1832 qui
918 1744 1004 1810 dives
1019 1759 1066 1808 est
1080 1745 1113 1806 in
1127 1740 1404 1807 misericordii'’-

376 1857 484 1945 Hujus
505 1857 578 1922 libri
600 1858 754 1944 scriptura
768 1855 980 1942 superioribus
1002 1853 1128 1919 Thome
1150 1852 1273 1938 scriptis
1295 1850 1404 1918 similis
1426 1860 1492 1928 est;
1514 1862 1546 1917 et
1567 1849 1707 1938 ejusdem
1722 1847 1808 1924 vide·

331 1983 383 2035 tur
397 1969 506 2034 aetatis,

376 2083 416 2149 In
430 2083 538 2148 initio:
563 2090 613 2148 “e
635 2083 683 2148 coi
698 2081 794 2146 librai
809 2079 924 2147 Moron
938 2079 1079 2146 Dunel.''

250 2380 309 2449 25.
337 2373 498 2462 Qunam
518 2397 609 2446 runs
627 2372 924 2449 Bouuvnuruna.

377 2522 528 2609 Ejusdem
544 2521 710 2607 Expositio
724 2522 757 2584 in
770 2521 886 2586 librum
902 2523 968 2584 pum
984 2519 1224 2584 Sententiarum.

378 2636 432 2700 Sic
447 2635 574 2720 incipit:
599 2643 621 2675 “
634 2634 869 2722 Unguentarius
883 2633 975 2698 faciet
987 2635 1147 2722 pigmenta
1162 2633 1383 2698 suavitatis'’-

379 2747 543 2830 Scriptura
556 2743 689 2830 pulchra
702 2759 768 2821 est;
784 2745 922 2831 ejusdem
938 2767 1009 2809 curn
1024 2745 1151 2830 reliquis
1165 2743 1284 2822 formae,
1301 2757 1332 2808 ct
1347 2747 1396 2829 (ut
1410 2742 1545 2824 videtur)
1561 2742 1669 2806 aetatis.

379 2857 419 2923 In
433 2859 542 2923 initio:
567 2867 615 2922 “e
629 2858 678 2922 cdi
691 2857 788 2921 libra?
802 2857 942 2922 Monacli
957 2857 1132 2922 Dunelrii.”

252 3145 313 3223 96.
340 3145 571 3221 Paruimus
590 3143 929 3232 Quonmuuronutu
946 3144 1117 3219 Haurucr
1133 3169 1184 3218 or
1202 3145 1394 3220 Gnuorvo
1413 3146 1603 3218 continens
1623 3150 1666 3215 11
1689 3141 1813 3228 Quod·

969 3269 1090 3345 libeta.

382 3421 434 3487 sic
448 3420 575 3506 incipit:
601 3426 622 3461 “
635 3417 857 3495 Querebantur
872 3419 904 3481 in
919 3417 1024 3483 nostri
1040 3419 1179 3506 generali
1195 3420 1445 3504 Disputatione.’'

383 3533 435 3599 Sic
449 3531 578 3596 desinit:
608 3530 781 3616 “Explicit
797 3539 871 3596 Um·
886 3529 1068 3616 Disputatio
1081 3531 1188 3616 Magri
1201 3531 1296 3597 Hen'r'
1310 3533 1349 3596 de
1360 3531 1465 3597 Gand.
1478 3531 1671 3596 Architorn’.
1683 3529 1816 3610 [Archi-

342 3645 465 3710 diaconi
479 3643 717 3724 Tornacensis.]

384 3756 544 3821 Henricus
560 3753 706 3821 Goethals
729 3754 861 3839 epatrii
879 3755 1106 3832 Gandavensis,
1130 3756 1194 3818 sire
1215 3755 1255 3820 de
1271 3756 1427 3821 Gunduvo
1441 3756 1552 3832 dictus,
1570 3753 1820 3819 Archidiacouns

340 3867 561 3944 Tornacensis,
578 3867 710 3952 scripsit,
733 3877 848 3950 praeter
870 3866 939 3943 alia,
963 3867 1125 3954 egregium
1146 3889 1225 3952 opus
1241 3867 1449 3952 (Bellarmino
1462 3867 1588 3947 Judice)
1613 3866 1820 3942 Quodlibeto·

340 4000 423 4055 rum,
439 3978 525 4064 quod
539 3990 571 4042 et
585 3978 704 4042 editum
717 3976 784 4041 fuit.

387 4089 548 4154 Volumen
562 4089 633 4166 hoc,
650 4089 790 4176 quamvis
805 4110 953 4168 crassum,
969 4111 1043 4175 pars
1058 4101 1177 4154 tantum
1192 4091 1295 4176 prima
1309 4103 1356 4154 est
1369 4091 1464 4154 totius
1479 4091 1592 4175 operis.

388 4202 530 4286 Scriptus
545 4215 593 4265 est
606 4201 658 4265 hic
675 4200 785 4265 Codex
800 4201 890 4265 lineis
905 4201 1090 4278 dimidiatis;
1109 4203 1206 4266 literis
1221 4201 1440 4280 mediocribus,
1457 4181 1537 4267 bene
1551 4202 1708 4279 formatis3
1734 4203 1823 4265 circi·

342 4326 390 4378 ter
404 4335 522 4377 annum
541 4322 624 4380 1300
632 4337 642 4390 3
664 4312 805 4400 adeoque
820 4333 884 4377 non
898 4313 998 4378 multo
1012 4325 1084 4400 post
1105 4315 1240 4380 auctoris
1254 4315 1350 4400 ipsius
1364 4328 1497 4379 mortem
1513 4338 1584 4401 quae
1598 4313 1707 4378 incidit
1722 4314 1752 4376 in
1769 4337 1824 4377 an-

344 4445 419 4490 num
437 4431 530 4490 1296.

262 4720 321 4801 27.
347 4712 507 4786 Fuimus
525 4710 643 4786 Purnr
668 4735 719 4784 rm
745 4709 899 4788 Ouuriru
925 4712 1228 4788 Puuorcnrouuu
1255 4739 1295 4787 ru
1314 4713 1471 4790 Lrnrunu
1500 4723 1557 4788 1¹¹¹lu
1570 4739 1617 4788 ur
1643 4717 1715 4788 Qum
1734 4713 1822 4788 Suu-

812 4859 1035 4910 rnurmnum
1053 4837 1270 4912 Exrosrrro.

392 4985 442 5049 Ita
455 4997 582 5050 vocatur
597 4987 630 5048 in
651 4985 740 5049 initio
761 4985 851 5050 libri:
873 4986 953 5051 adeo
968 4987 1051 5052 enim
1073 4988 1113 5052 ab
1127 4987 1260 5052 humore
1282 4999 1448 5074 corruptus
1463 4998 1509 5052 est
1530 4986 1582 5050 bic
1596 4986 1706 5062 codex,
1723 4997 1758 5048 ut
1772 4983 1829 5048 ali-

339 5088 433 5163 'unde
455 5120 570 5162 nomen
597 5097 764 5182 Scriptoris
787 5098 836 5162 vel
860 5098 950 5163 Libri
971 5100 1125 5186 expiscari
1146 5101 1200 5164 vix
1224 5099 1398 5185 potuerim:
1424 5099 1495 5164 Nisi
1516 5097 1602 5185 quod
1624 5098 1657 5161 in
1679 5096 1742 5159 fine
1756 5096 1829 5158 libri

347 5210 440 5296 primi
469 5210 620 5295 scriptum
644 5209 701 5273 sit:
727 5209 899 5295 “Explicit
920 5211 1000 5276 liber
1020 5212 1140 5297 primus
1169 5211 1429 5277 Sententiarum.'’
1475 5209 1624 5274 Similiter
1649 5208 1742 5272 etiam
1756 5218 1830 5291 post

349 5321 531 5387 secundum.
1647 5324 1649 5328 ⁴

393 5432 435 5497 Et
452 5445 525 5518 post
539 5431 697 5497 Tubulum
713 5430 953 5507 Quaestionum:
978 5440 1000 5473 “
1010 5431 1194 5517 Expliciunt
1208 5431 1290 5496 tituli
1311 5431 1511 5517 questionum
1533 5428 1662 5494 secundi
1683 5428 1755 5493 libri
1770 5427 1832 5492 fra-

351 5545 407 5609 tris
424 5545 540 5609 Petri.”

393 5655 529 5721 Videtur
541 5678 609 5720 esse
623 5675 696 5740 pars
717 5653 788 5718 libri
804 5655 910 5739 scripti
927 5655 974 5734 [in
990 5666 1125 5742 quatuor
1138 5655 1235 5719 libros
1260 5656 1508 5737 Sententiarum]
1530 5678 1550 5718 a
1565 5655 1661 5719 Petro
1676 5653 1831 5718 Taranta-

352 5767 454 5846 siensi,
472 5767 635 5833 Monacbo
649 5766 871 5844 Dominicano‚
887 5779 996 5852 postea
1011 5767 1098 5852 Pupi
1115 5768 1300 5832 Innocentio
1316 5771 1370 5846 5‘0,
1387 5768 1441 5854 qui
1456 5767 1543 5833 A.D.
1562 5773 1643 5837 1276
1659 5766 1745 5830 obiit.

396 5879 448 5943 Sic
462 5879 572 5965 incipit
584 5879 664 5944 liber
682 5885 754 5944 lmu'.
801 5887 822 5920 ‘⁶
834 5879 985 5966 Nunquid
1000 5901 1043 5943 no
1062 5923 1829 5946 ......................................................

352 5997 373 6032 “
386 5990 503 6055 nebula
526 6035 1034 6057 ....................................
1061 5995 1122 6056 te.”
1188 5991 1313 6057 Caetera
1342 5992 1382 6056 ab
1405 5991 1538 6057 humore
1563 6003 1727 6056 consumta
1750 6001 1832 6055 sunt.

352 6097 410 6166 Eat
424 6122 499 6165 vero
513 6101 600 6166 locus
625 6107 673 6187 (ut
688 6101 833 6188 conjicio)
856 6100 972 6166 eJobo
986 6101 1141 6182 laudatus,
1167 6103 1246 6189 Cap.
1266 6113 1317 6170 88.
1334 6126 1363 6169 v.
1381 6113 1432 6170 83.
1478 6113 1499 6147 “
1511 6103 1664 6194 Nunquid
1686 6102 1767 6168 nosti
1782 6123 1835 6170 or·
