4640 7842
515 899 590 972 210
1048 921 1203 972 consens
1228 921 1487 974 umuscnrrrr

227 1113 271 1192 Β.
289 1111 360 1192 IV.
372 1123 432 1195 24.
519 1117 655 1186 Videtur
668 1115 739 1186 hmo
755 1117 1027 1205 Epistoltrscripts
1041 1131 1114 1185 ante
1129 1141 1229 1185 annos
1242 1120 1313 1206 plus
1329 1130 1403 1186 400.

234 1211 356 1263 mm
518 1253 610 1320 Folio
623 1265 774 1332 extremo,
790 1253 876 1340 quod
893 1253 982 1318 Libri
997 1265 1178 1342 tegumento
1193 1254 1416 1343 adglutinatur,
1433 1254 1483 1319 hae
1498 1255 1571 1320 dum
1585 1267 1669 1322 noter
1685 1257 1924 1328 inscribuntur:

558 1391 588 1432 ι.
612 1375 634 1408 “
646 1365 840 1431 Anslretillus
854 1365 938 1432 lilius
954 1365 1119 1445 Gilebcrti‚
1145 1367 1319 1445 Lcsceline,
1346 1365 1495 1445 Runnuli,
1520 1365 1647 1448 Busiliu,
1665 1369 1824 1436 Robertus
1841 1375 1944 1440 Cleri.

604 1485 626 1520 ‘⁶
641 1499 706 1556 cus,
732 1475 896 1542 Walterus
914 1477 1083 1558 Presbiter‚
1109 1477 1248 1558 Bcstrix,
1272 1490 1304 1543 et
1325 1478 1376 1565 nlij
1397 1477 1530 1544 infantes
1544 1481 1620 1566 ejus.
1667 1481 1732 1548 Iste
1748 1485 1943 1554 Ansketillus

605 1597 701 1674 “pro
722 1611 756 1654 se
771 1601 802 1654 et
821 1611 917 1676 supro
937 1589 1029 1656 dictis
1043 1589 1131 1656 debit
1153 1591 1284 1679 singulis
1298 1591 1388 1654 annis
1410 1613 1429 1654 v
1445 1589 1571 1669 solidos,
1586 1593 1624 1657 dr
1646 1591 1777 1659 heredes
1791 1597 1857 1683 ejus
1872 1613 1945 1684 post

607 1707 629 1744 “
643 1701 756 1787 ipsum.
803 1701 837 1767 Si
852 1701 901 1766 vel
918 1701 986 1788 ipse
1005 1704 1074 1788 p'or
1096 1702 1215 1788 [prior]
1236 1703 1284 1768 vel
1311 1703 1404 1769 Uxor
1423 1703 1490 1789 ejus
1511 1715 1636 1768 mortus
1656 1703 1759 1784 fiterit,
1782 1729 1805 1771 x
1826 1709 1944 1775 solidos

606 1823 628 1856 ‘⁶
642 1813 730 1880 dubit
746 1814 862 1880 Sancto
878 1815 1121 1880 Cuthberto”-

559 1957 616 2024 β’*
633 1949 706 2016 Hec
721 1961 768 2014 est
789 1945 954 2014 conventio
976 1949 1057 2014 inter
1080 1950 1230 2016 Sanctum
1247 1950 1458 2016 Cutlrbertnm
1480 1963 1512 2016 et
1525 1953 1572 2016 m⁰
1585 1963 1617 2017 et
1635 1952 1782 2034 Godwin,
1798 1969 1831 2022 et
1846 1956 1944 2022 led·

607 2069 629 2104 “
643 2062 758 2126 uinum
774 2073 805 2126 et
821 2059 982 2125 AElfwium
997 2061 1178 2146 piscatores,
1201 2061 1287 2150 quod
1303 2063 1347 2128 eis
1366 2061 1440 2127 dete
1454 2063 1495 2127 sit
1508 2063 1706 2149 participatio
1721 2065 1945 2134 beneficiorum

598 2183 630 2216 ’“
646 2173 765 2252 Ecclie,
781 2186 812 2238 et
827 2173 885 2259 ipsi
901 2172 1022 2238 dubunt
1035 2173 1173 2240 decimes
1188 2199 1243 2240 sue
1258 2175 1436 2260 piscationis
1451 2174 1492 2240 de
1506 2175 1570 2240 suis
1585 2175 1703 2243 retibus
1717 2190 1749 2242 et
1763 2177 1803 2243 de
1818 2182 1919 2245 nnvi.'’

520 2485 620 2568 [ΜΒιΙ
642 2485 735 2572 hujus
757 2485 959 2570 descriptioni
981 2507 1082 2572 pauco
1103 2485 1248 2572 quaedsm
1270 2487 1410 2573 subjicio,
1437 2499 1470 2550 et
1491 2481 1642 2572 imprimis
1672 2487 1859 2578 catalogum
1890 2491 1945 2554 Li-

729 2598 859 2662 brorum
876 2597 996 2664 Eccles.
1013 2597 1164 2664 Dunelm.
1187 2599 1360 2686 antiquum.
1405 2598 1488 2664 Vide
1503 2621 1599 2684 supra
1613 2599 1721 2664 Trect.
1741 2609 1768 2665 1.

1686 2711 1716 2776 J.
1742 2711 1783 2776 R.
1809 2721 1901 2780 1823.

463 2898 491 2963 1.
515 2897 663 2962 “Venus
679 2895 881 2961 Curnnocus
898 2893 1089 2958 Lrnnonuns
1105 2914 1166 2976 pur
1184 2915 1221 2957 nr
1238 2893 1450 2958 Anusnrono
1470 2893 1645 2960 Eccnnsrs:
1662 2895 1771 2960 Curru.
1787 2897 1946 2964 Dununii

821 3013 842 3046 “
858 3023 943 3068 onrnr
966 3004 1226 3068 emersurus?
1272 3002 1464 3100 Vide'suprn
1487 3003 1595 3070 Trsct.
1614 3013 1643 3072 1.

514 3169 597 3224 Vetus
609 3177 637 3222 st
644 3168 750 3222 Novum
757 3164 955 3218 Testamentum
967 3163 994 3218 in
1006 3163 1108 3218 duohus
1119 3181 1165 3219 so·
1235 3164 1396 3236 Augustinus
1405 3164 1439 3220 de
1448 3165 1592 3236 Octoginta
1600 3165 1681 3221 trihus
1693 3167 1877 3238 questionibus.

479 3260 734 3319 lumimhusetitem
752 3261 836 3340 Vetus
847 3267 875 3312 et
886 3259 993 3312 Novum
1011 3259 1163 3314 Testamen-
1233 3259 1447 3315 Retrectstiones
1458 3261 1607 3330 Augustini.

482 3367 539 3412 turn
551 3357 578 3410 in
590 3355 692 3410 duobus
705 3353 847 3408 minorihus
862 3351 1044 3406 voluminum.
1236 3352 1399 3422 Augustinus
1410 3353 1444 3406 de
1455 3353 1576 3408 Moribus
1588 3353 1712 3408 Ecclesiae
1724 3373 1783 3409 curn
1796 3359 1899 3413 ceteris.

514 3450 646 3522 Josephus
658 3447 862 3518 Antiquitatum.
1234 3445 1398 3516 Augustinus
1409 3445 1443 3500 de
1454 3447 1581 3502 Caritate.

516 3546 582 3602 Duo
594 3543 854 3616 pnriuDecretorum
866 3539 962 3596 lvonis.
1234 3539 1412 3596 Eucheridion
1424 3541 1572 3611 Augustini.

517 3641 644 3713 Epistola
656 3637 752 3694 lvonis.
1233 3635 1347 3706 Prosper
1359 3637 1393 3690 sd
1405 3636 1540 3690 Bullinum
1552 3653 1612 3692 curn
1625 3637 1713 3694 multis
1724 3638 1893 3709 Augustinis.

518 3737 636 3792 Decretis
647 3733 814 3790 Pontificum.
1238 3729 1365 3801 Epistola
1376 3731 1525 3800 Augustini.

517 3832 650 3902 Excerpte
660 3829 810 3884 Cenonum.
1239 3825 1353 3897 Prosper
1363 3825 1398 3880 de
1409 3824 1495 3879 ectivri
1506 3834 1534 3880 et
1546 3825 1750 3897 contemplativis
1760 3827 1821 3883 vitei.

517 3925 707 3996 Excerptiones
718 3921 903 3976 Decretorum.
1237 3917 1400 3990 Augustinus
1411 3919 1445 3974 de
1456 3921 1539 3974 verbis
1550 3920 1668 3976 Domini.

518 4021 645 4095 Epistolse
658 4018 748 4076 Sancti
759 4015 897 4075 leronimi.
1238 4016 1402 4086 Augustinus
1413 4033 1491 4088 super
1503 4015 1627 4071 Genesim
1640 4017 1673 4072 ed
1685 4017 1800 4074 litteram
1812 4019 1839 4074 in
1851 4039 1880 4076 rr
1891 4039 1952 4094 qus·

519 4113 872 4184 Jeronimussuperlssism.
1272 4111 1443 4166 ternionibus.

518 4203 907 4278 Jeronimussuperduodecim
918 4202 1071 4274 Prophetes.
1235 4204 1572 4276 Augrutinusdel’estore.

519 4303 671 4364 Jeronimus
682 4311 776 4356 contre
785 4299 964 4356 Jovinisnum.
1238 4298 1401 4370 Augustinsu
1413 4299 1447 4355 de
1458 4301 1562 4358 Nsture
1573 4303 1645 4358 honi.

520 4397 601 4452 Lther
611 4397 745 4450 Locorum
756 4391 894 4450 derouimi·
1238 4392 1351 4448 Mornlin
1365 4393 1486 4465 Gregorii
1498 4395 1525 4448 in
1537 4395 1640 4452 duohus
1651 4395 1824 4452 voluminibus
1835 4399 1861 4452 dr
1873 4400 1951 4454 tertie

520 4487 827 4550 PsdteriumJeronimi.
1270 4489 1739 4560 psrsmorsliuminnnovolumine.

520 4581 1005 4648 Jeronimusdellehreisnominibus.
1239 4583 1452 4658 Putenussuper
1463 4587 1628 4656 Gregorium.

521 4681 672 4742 ,ieronimus
682 4697 760 4752 super
771 4689 824 4734 tres
832 4677 985 4751 Prophetes,
993 4675 1167 4746 Ezechielem,
1237 4679 1389 4750 Speculum,
1400 4681 1558 4752 Registrum,
1570 4681 1713 4738 Psstorsle.
1752 4681 1860 4754 Dialogi
1871 4683 1935 4742 duo.

556 4775 706 4842 Danielem,
716 4773 867 4832 Jeremiem.
1237 4772 1380 4844 Gregorius
1392 4791 1469 4846 super
1480 4775 1653 4830 Ezechielem.

523 4873 632 4928 Senem.
1239 4869 1382 4938 Gregorius
1397 4870 1576 4926 Nassnzenus.

522 4966 731 5022 Triesolumius
748 4965 839 5022 Ssncti
856 4961 997 5036 Augustini
1014 4979 1092 5035 super
1103 4959 1175 5018 Psal-
1244 4963 1364 5034 Origenis
1376 4981 1453 5036 super
1464 4975 1540 5020 vetus
1551 4965 1756 5021 Testamentum.

557 5063 661 5118 terium,
1237 5057 1466 5130 Expositiosuper
1484 5059 1623 5114 Metheum
1640 5071 1669 5116 et
1686 5077 1763 5132 super
1773 5061 1953 5138 Apocsliprim

522 5157 685 5229 Augustinus
696 5156 730 5210 de
740 5154 909 5210 Trinitstedt
926 5153 991 5209 Duo
1002 5152 1080 5208 Puris
1096 5169 1176 5226 super
1278 5153 1353 5207 ssnrul
1365 5153 1393 5206 in
1405 5171 1459 5208 uno
1471 5154 1612 5211 volumine.

557 5235 716 5312 Johsnnem.
1235 5247 1529 5321 Alisexpositiosuper
1537 5249 1952 5326 Metheuminpervorolumine.

519 5345 914 5418 DuoperisdeCiritethei.
1239 5342 1404 5398 Prudentius.

519 5439 1135 5514 DuoperisdeConlessionith.Augustini.
1238 5437 1389 5510 Duopsris
1400 5437 1489 5494 decern
1502 5439 1681 5498 collstionum.

518 5537 757 5610 Duoperissuper
770 5536 901 5592 Genesim.
1238 5533 1375 5590 Johsnnes
1386 5535 1532 5591 Csssienus.

519 5631 684 5702 Augustinus
695 5631 730 5687 de
740 5632 870 5703 baptismo
881 5630 1057 5704 peruulorm.
1238 5629 1420 5685 Ecclesiastico
1432 5631 1556 5690 fflstorie

521 5724 683 5796 Augustinus
694 5737 787 5782 contre
797 5724 959 5782 Donatistes.
1239 5723 1358 5778 Orosius.

523 5817 685 5888 Augustinus
699 5819 734 5875 de
751 5837 879 5878 commu
896 5819 1126 5892 Ewsngelisnrnm
1142 5819 1171 5873 in
1241 5818 1427 5887 erintilieuus.

558 5911 652 5968 duobis
663 5912 736 5970 locis.
1243 5910 1358 5966 Solium
