4630 7860
819 1051 1005 1102 nccuusrn
1031 1051 1308 1104 nuxaauausrs.
1757 1034 1804 1108 65

92 1245 141 1321 A.
163 1247 232 1321 IV.
247 1262 282 1337 9,
419 1251 505 1314 Nota
528 1250 651 1334 Scripta
673 1253 722 1334 (ut
735 1248 813 1312 mihi
835 1251 974 1333 videtur)
997 1252 1037 1316 ab
1061 1252 1132 1318 Elia
1150 1251 1263 1330 Smith,
1287 1274 1339 1317 eas
1356 1251 1590 1334 Bonaventurae
1604 1253 1734 1333 tribuit3
1755 1257 1811 1344 qui

101 1345 227 1393 ”mm
471 1359 599 1446 quidem
613 1360 737 1444 scripsit
759 1373 850 1425 notas
864 1361 898 1426 in
914 1361 1055 1426 Lucam:
1079 1363 1135 1427 sed
1148 1365 1254 1430 nescio
1269 1385 1309 1426 an
1324 1363 1391 1440 has,
1408 1385 1480 1427 cum
1494 1385 1591 1448 opera
1605 1365 1671 1449 ejus
1686 1364 1728 1428 ad
1742 1387 1809 1430 ma·

468 1494 545 1536 num
560 1494 625 1536 non
640 1473 710 1536 sint.

428 1583 590 1669 Scriptura
603 1585 724 1648 minuta
738 1597 785 1649 est
799 1585 1083 1650 abbreviationibus
1098 1588 1250 1651 intricata.

426 1697 516 1762 Folia
530 1707 603 1760 sunt
621 1706 691 1762 142.

327 1839 356 1901 7.
380 1833 562 1918 Sequuntur
576 1831 646 1896 aliae
663 1830 833 1896 Hoururn
849 1853 892 1898 nn
910 1833 1052 1897 Saucrrs
1068 1853 1110 1896 aa
1126 1833 1244 1897 Fxsrrs
1260 1853 1455 1898 rnncrrurs.

384 1944 533 2032 Ejusdem
557 1958 629 2009 sunt
646 1945 817 2029 Scripturas
838 1968 910 2010 curn
926 1945 1018 2009 Notis
1040 1947 1074 2010 in
1089 1945 1220 2023 Lucam,
1245 1959 1276 2010 et
1297 1967 1362 2009 non
1383 1946 1517 2010 multum
1531 1947 1664 2013 diversae
1678 1950 1718 2014 ab
1735 1949 1807 2014 Ho-

425 2057 518 2120 miliis
533 2057 755 2141 superioribus.
800 2058 956 2122 Videntur
970 2058 1010 2122 ad
1025 2081 1124 2122 annos
1138 2059 1262 2123 circiter
1276 2069 1341 2125 400
1356 2058 1532 2128 ascendere.

384 2167 521 2253 Implent
534 2167 609 2231 folia
623 2177 674 2233 80.

385 2281 424 2344 In
438 2279 545 2348 initio:
571 2279 732 2344 “Habeat
750 2279 836 2344 hunc
857 2280 973 2344 librum
994 2274 1063 2344 9tus
1080 2281 1170 2345 Cone
1185 2280 1290 2360 [forta
1316 2281 1498 2346 Conventus
1514 2281 1752 2364 Coventrensis]
1767 2305 1807 2348 ex
1910 2269 1914 2278 ¹

429 2392 550 2456 “dono
565 2391 640 2455 rev‘¹¹
659 2391 766 2477 Magri
783 2391 854 2456 Fris
870 2391 1018 2456 Nicholai
1029 2392 1069 2456 de
1086 2392 1193 2456 Keton
1208 2391 1324 2456 Pvinci¹
1340 2391 1487 2472 [Kenton
1503 2393 1756 2475 Provinciulis]’'

243 2689 300 2754 10.
329 2679 523 2754 Marnaus
542 2678 820 2753 Evauonmsra.
874 2677 1124 2778 [Murranus
1143 2679 1384 2774 exorsurus]

371 2825 520 2890 Matthaei
539 2826 642 2889 verbis
664 2827 810 2912 utrinque
832 2825 976 2910 adjicitur
999 2826 1115 2890 Glossa
1137 2825 1318 2890 ordinaria:
1347 2827 1559 2892 interlinearis
1582 2827 1676 2891 etiam
1700 2827 1811 2892 mediis

327 2938 417 3002 lineis
432 2937 589 3000 inseritur.

372 3049 495 3114 Textus
510 3047 679 3134 majoribus
702 3048 848 3113 scribitur
862 3048 969 3126 literis,
994 3049 1110 3112 Glossa
1129 3049 1289 3112 ordinaria
1302 3049 1485 3127 minoribus,
1511 3049 1724 3114 Interlinearis
1738 3071 1813 3114 vero

328 3161 465 3226 minutis.
510 3160 631 3226 Omnes
646 3159 791 3225 rotundae
806 3174 880 3224 sunt
895 3173 926 3223 et
940 3160 1107 3248 elegantes.

373 3272 411 3336 In
426 3271 501 3334 folio
522 3271 626 3356 primo
640 3271 820 3358 depingitur
844 3271 882 3336 B.
901 3273 1044 3337 Salvator
1058 3285 1164 3336 noster
1179 3271 1311 3348 sedens;
1334 3273 1422 3357 cujus
1436 3271 1526 3336 lateri
1541 3272 1656 3337 dextro
1670 3272 1815 3360 appingi·

328 3397 390 3461 tur,
413 3383 555 3469 superius
581 3382 707 3469 quidem
724 3383 835 3447 Homo
850 3407 921 3447 cum
937 3385 1024 3448 vultu
1039 3384 1197 3462 human03
1219 3383 1357 3462 inscribe,
1380 3385 1459 3448 alius
1474 3406 1546 3448 cum
1560 3384 1638 3449 facie
1652 3383 1751 3448 leonis
1767 3388 1817 3468 (ut

331 3496 467 3577 videtur)
495 3519 514 3558 a
528 3495 652 3560 sinistra
675 3494 817 3580 superius
835 3496 946 3560 Homo
967 3497 1046 3561 alter
1068 3519 1139 3561 cum
1161 3509 1264 3560 rostro
1280 3496 1405 3582 Aquilae
1416 3521 1425 3573 3
1447 3495 1528 3558 infra
1542 3517 1626 3574 vero,
1650 3497 1729 3561 alius
1744 3518 1817 3560 curn

333 3607 444 3692 Capite
460 3607 565 3671 Bovis·
611 3607 736 3684 Quibus
750 3607 884 3671 allusum
906 3607 1030 3672 videtur
1051 3608 1092 3672 ad
1113 3620 1248 3694 quatuor
1262 3608 1408 3671 animalia
1429 3630 1500 3692 quae
1515 3607 1663 3671 thronrun
1679 3607 1743 3672 Dei
1759 3609 1819 3672 cir-

332 3735 485 3784 cumstare
500 3720 657 3784 dicuntur.
703 3721 938 3806 Apocalypseos
962 3721 1041 3805 Cap.
1058 3731 1089 3784 4.
1104 3743 1168 3784 ver.
1184 3730 1215 3787 6.
1260 3720 1320 3783 Vel
1335 3719 1439 3804 potius
1455 3719 1671 3808 Evangelistas
1686 3732 1707 3785 4
1722 3721 1821 3784 deno·

309 3823 314 3834 ’
332 3843 397 3894 tare
412 3832 576 3894 videntur:
600 3831 685 3918 quod
702 3831 859 3895 Matthaeo
874 3831 1034 3895 hominem
1056 3833 1227 3920 appingere
1243 3831 1404 3906 solebant3
1429 3831 1543 3895 Marco
1556 3831 1680 3896 leonem
1689 3857 1698 3909 ;
1720 3832 1819 3896 Lucoe

332 3942 462 4018 bovem;
487 3943 603 4007 Joanni
626 3941 771 4026 aquilam.
817 3943 965 4026 Desuper
989 3943 1082 4018 enim,
1108 3941 1173 4005 duo
1199 3941 1317 4028 Angeli
1331 3941 1478 4004 volumen
1499 3942 1677 4029 porrigunt,
1701 3942 1819 4008 abund

333 4066 422 4138 parte
439 4053 584 4128 Homini,
608 4052 648 4115 ab
670 4052 767 4116 alteria
784 4053 926 4137 Aqrriloe3
950 4052 1009 4115 sub
1031 4074 1165 4137 quorum
1188 4051 1322 4136 pedibus
1343 4051 1542 4136 protenditur
1563 4074 1675 4116 manus
1690 4051 1764 4116 hinc
1778 4053 1820 4117 ad

335 4163 488 4240 Leonem,
511 4161 585 4225 inde
600 4161 641 4224 ad
658 4161 787 4225 Bovem.
833 4161 958 4237 Quibus
980 4163 1062 4248 typis
1084 4171 1310 4244 repraesentare
1333 4161 1500 4225 voluerunt
1515 4162 1758 4247 Inspirationem
1773 4163 1821 4228 di·
1869 4239 1873 4247 Ι

335 4275 439 4336 vinam
455 4274 487 4335 in
504 4272 719 4359 Evangelistas
735 4272 856 4336 coelitus
871 4272 1042 4358 delapsam.

379 4385 417 4448 In
433 4384 538 4447 initio:
564 4383 693 4448 “Liber
708 4383 858 4472 Hugonis
875 4383 945 4469 Epi.
963 4383 1024 4447 Lib
1042 4384 1094 4448 sci
1111 4383 1272 4448 catheti?
1296 4383 1425 4447 dmanu
1448 4383 1585 4448 vetusta:
1611 4384 1819 4464 dracontion,

339 4506 359 4538 “
374 4520 392 4560 e
407 4496 567 4560 communi
580 4493 708 4560 libraria
724 4495 875 4560 Dunelm.
891 4496 923 4558 in
938 4495 968 4558 le
985 4495 1228 4580 Spendement.’'

381 4607 482 4694 Hugo
499 4607 724 4692 Episcopatum
740 4606 816 4670 adiit
830 4628 914 4670 anno
932 4615 1032 4671 1153:
1056 4607 1112 4670 iste
1127 4627 1202 4669 vero
1219 4606 1331 4670 Codex
1345 4607 1502 4693 antiquior
1516 4607 1647 4672 videtur.

253 4902 312 4966 11.
340 4892 504 4966 Marcus
531 4917 731 4966 exosarus.

381 5041 503 5106 Textus
518 5039 570 5104 hic
586 5039 753 5104 exhibetur
768 5045 817 5123 (nt
832 5041 863 5102 in
879 5040 946 5104 aliis
964 5039 1148 5122 codicibus)
1164 5062 1236 5104 cum
1252 5039 1367 5106 Glossri
1382 5039 1540 5106 ordinarii
1556 5051 1587 5116 et
1601 5038 1801 5104 interlineari.

382 5153 498 5216 Literae
512 5151 657 5215 rotundoe
672 5163 745 5214 sunt
766 5162 798 5215 et
812 5151 979 5238 elegantes.
1024 5150 1124 5215 Libro
1145 5151 1299 5236 superiori
1320 5152 1458 5238 aequalis,
1482 5152 1650 5216 autetiam
1668 5151 1825 5236 antiquior

341 5262 476 5326 videtur.

384 5374 423 5437 In
438 5373 545 5437 initio:
570 5373 700 5438 “Liber
717 5373 769 5438 sti
787 5372 903 5437 Cuthb.
920 5372 960 5438 de
976 5373 1077 5438 Dunl.
1094 5374 1127 5436 in
1142 5373 1172 5436 le
1189 5371 1431 5458 Spendement’'

256 5669 312 5734 1‘2.
341 5659 506 5734 Mancus
526 5682 727 5733 oaosarus.
831 5662 835 5668 ’

383 5807 523 5871 Textum
538 5805 634 5870 habet
647 5805 701 5870 hic
716 5803 829 5870 Codex
843 5817 874 5870 et
890 5803 1020 5873 Glossas
1036 5814 1071 5868 ut
1085 5803 1206 5890 reliqui.

385 5915 504 5986 Literoe
518 5917 664 5982 rotunda
679 5928 752 5982 sunt
765 5927 797 5980 et
811 5915 978 6004 elegantes.
1024 5913 1133 5979 AEtate
1147 5936 1206 5999 par
1220 5925 1268 5978 est
1281 5914 1362 5981 libro
1377 5915 1578 6001 praecedenti.

385 6027 424 6092 In
440 6028 547 6092 initio:
572 6027 701 6093 “Liber
718 6027 772 6094 sti
788 6025 928 6092 Cuthltti.
945 6027 977 6089 in
992 6025 1022 6089 le
1038 6025 1281 6112 Spendement.'’
1356 6125 1359 6132 y

1045 6245 1067 6286 R
