4650 7852
784 1109 970 1164 recursus
984 1112 1274 1166 nuumurnsrs.
1654 1091 1655 1096 ‘
1719 1095 1773 1170 85

76 1307 116 1381 Β,
132 1305 165 1381 Ι,
197 1315 257 1382 10,
285 1305 376 1370 “tris
393 1305 526 1370 Roberti
548 1305 588 1370 de
612 1305 772 1394 Grsystru'i
787 1332 882 1397 quem
897 1311 952 1398 qui
974 1312 1165 1393 alienaverit,
1180 1313 1432 1379 maledictionem
1449 1311 1638 1379 Sanctorum
1654 1312 1770 1394 Mario,

2 1503 3 1520 Χ
76 1403 166 1446 '⁰¹³⁰'
288 1427 310 1460 “
325 1417 474 1495 Osweldi‚
494 1417 670 1497 Cuthbcrti,
687 1433 719 1484 et
734 1419 898 1486 Benedicti
912 1424 1081 1488 incurrat.”

330 1530 384 1594 De
410 1529 569 1614 Scriptore
591 1529 670 1594 nihil
693 1533 776 1597 novi.
802 1533 885 1599 Rob.
906 1534 947 1600 de
971 1535 1164 1622 Groystunes
1187 1537 1304 1602 electus
1325 1536 1385 1602 fuit
1407 1536 1495 1623 Epus
1517 1536 1668 1603 Dunelm.
1690 1558 1774 1604 anno

295 1651 388 1707 1333.

209 1913 267 1978 11.
296 1905 420 1980 Purus
438 1929 529 1978 runs
547 1928 680 1978 sumum
699 1904 844 1979 Tuonru
863 1905 1138 2007 [Aournurrs]

338 2058 561 2146 Praefigrmtur,

244 2219 248 2227 ·
296 2205 326 2268 l.
348 2195 517 2260 Anrrcnnr
532 2194 693 2280 inquibus
709 2197 758 2270 scs
771 2195 887 2260 Thom.
897 2196 938 2261 de
953 2199 1083 2284 Aquino
1096 2194 1207 2261 melitis
1217 2195 1298 2261 dixit
1312 2196 1345 2259 in
1362 2195 1502 2274 Summi,
1517 2217 1612 2283 quem
1626 2195 1660 2259 in
1671 2195 1779 2281 Scrip·

394 2306 443 2370 tis.
490 2305 586 2369 Foliis
600 2305 744 2384 duobus3
759 2307 849 2372 lineis
864 2309 1030 2372 continuis.

295 2447 326 2504 2.
349 2439 476 2505 Tmou
493 2439 726 2515 Qussrronunr
744 2442 860 2506 Primae
874 2443 973 2526 partis
993 2443 1132 2521 Summe,
1158 2442 1327 2528 inquibus
1341 2443 1443 2534 tangit
1463 2443 1558 2523 idem,
1581 2444 1667 2530 quod
1681 2443 1782 2534 tangit

397 2553 472 2616 alibi
486 2553 519 2614 in
536 2553 677 2638 Scriptis.
722 2553 819 2617 Foliis
836 2563 866 2633 3,
881 2554 972 2618 lineis
987 2555 1104 2620 divisis.

357 2687 582 2771 Subjiciuntur,

301 2808 329 2862 1.
353 2796 466 2860 Iuncx
480 2817 732 2862 rurnmnrrcus
750 2797 881 2862 Rursum
897 2799 928 2861 in
943 2797 1045 2882 primii
1060 2811 1149 2883 parte
1164 2811 1392 2866 contentarum.

1395 2910 1478 2976 foliis
1497 2919 1546 2988 12,
1562 2911 1652 2974 lineis
1666 2909 1783 2975 divisis.

301 3054 331 3110 2.
355 3048 524 3110 Anrrcunr
540 3063 765 3126 Qunsrronuu
779 3056 1039 3130 pertrectatarum
1055 3067 1150 3132 super
1166 3046 1321 3124 Summas,
1333 3067 1405 3133 quae
1419 3043 1514 3110 etiam
1528 3046 1569 3110 ab
1585 3045 1695 3110 eodem
1711 3046 1787 3110 alibi

400 3169 640 3241 pertractantur.
1375 3158 1456 3223 foliis
1472 3169 1503 3236 3,
1515 3157 1605 3222 lineis
1620 3159 1786 3222 continuis.

360 3267 468 3332 Lineae
479 3281 552 3332 sunt
562 3267 671 3332 divisse
681 3293 690 3345 ;
707 3267 825 3334 Literoe
844 3269 985 3348 minutae,
1000 3281 1101 3334 acutae
1120 3271 1337 3352 [Secretsriae]
1348 3291 1413 3334 non
1424 3269 1625 3358 ineleganter.
1672 3268 1787 3354 script.

401 3392 473 3443 ante
488 3401 607 3443 annum
624 3388 719 3458 1400,
734 3392 770 3443 ut
783 3379 916 3444 videtur.

361 3489 399 3554 Iu
413 3491 519 3554 initio:
544 3491 629 3556 “De
652 3491 700 3554 coi
722 3491 818 3555 libre'r'
833 3489 988 3589 Moflchop
1010 3491 1182 3557 Dunelffir’
1227 3492 1267 3558 In
1288 3493 1351 3558 alio
1371 3489 1466 3558 folio:
1491 3491 1564 3556 “de
1579 3493 1610 3576 9i
1631 3497 1789 3572 [commu-

402 3603 452 3684 ni]
471 3602 608 3680 librariis,
636 3615 668 3667 et
690 3625 754 3670 non
777 3602 818 3668 de
839 3603 982 3669 clauso?
1028 3605 1103 3668 Alie
1125 3605 1231 3692 imque
1252 3605 1311 3670 fuit
1333 3605 1481 3670 Libraria
1501 3604 1676 3669 communis
1697 3603 1738 3670 ab
1753 3603 1790 3668 ed

403 3737 475 3801 quae
489 3714 522 3777 iu
544 3713 681 3778 claustro
696 3715 895 3780 servabatur:
918 3716 951 3778 iu
966 3737 1030 3802 quo
1045 3729 1150 3782 tamen
1166 3715 1322 3782 Monachi
1343 3716 1454 3780 studiis
1474 3737 1604 3802 operam
1618 3714 1695 3780 dure
1709 3714 1790 3781 sole-

404 3825 491 3888 bant.

363 3936 461 4002 Liber
475 3937 534 4000 tris
549 3937 639 4003 Johis
654 3936 695 4001 de
710 3935 866 4022 Merley.”
909 3937 1051 4013 Quando
1066 3938 1120 4004 ille
1134 3940 1248 4006 vixerit
1261 3938 1377 4004 nescio.

222 4207 277 4274 m.
305 4197 433 4272 anrn
460 4198 637 4272 Securum
665 4197 804 4272 Suum
831 4197 976 4272 Tnous
1002 4198 1244 4298 [Aquinatis]
1271 4224 1352 4274 cun
1369 4223 1520 4273 rrrums
1545 4221 1791 4282 cunsrronuru

859 4323 898 4394 in
914 4321 986 4396 fine
1005 4322 1142 4422 [librt]

349 4468 460 4534 Lineoe
475 4467 648 4532 dimidiatoe
663 4477 755 4544 suut;
778 4466 897 4534 Literae
911 4467 1094 4549 mediocres,
1111 4471 1307 4550 acuminatos,
1317 4491 1382 4536 nou
1393 4467 1475 4536 mule
1489 4468 1641 4534 formatae.
1688 4469 1794 4556 Scrip·

306 4591 356 4645 tus
368 4579 493 4646 videtur
506 4577 559 4644 hic
575 4579 688 4646 Codex
702 4580 776 4646 circ.
790 4603 910 4649 aunum
928 4590 1021 4650 1300.

224 4848 282 4917 13.
309 4841 486 4916 Srcuunr
513 4841 688 4916 Sucunuu
707 4839 853 4917 Tnorru
872 4841 1124 4944 [Aquinatis]
1175 4843 1317 4919 Trrunr
1335 4867 1581 4927 ouusrmnunr
1598 4854 1727 4942 patent
1744 4867 1795 4916 se-

320 4963 480 5038 cundum
499 4965 662 5037 ordinem
688 4966 726 5036 in
743 4964 815 5038 fine
842 4963 979 5064 [libri]
1031 4964 1192 5040 Turum
1209 4991 1368 5040 vocrrns
1394 4969 1474 5067 [ie.
1492 4990 1625 5041 vocum
1643 4967 1718 5038 sive
1736 4963 1798 5038 Ti-

320 5087 479 5162 tulorum
497 5086 745 5185 alphabetico]
763 5090 895 5186 partim
913 5091 950 5162 in
967 5091 1157 5188 principio,
1177 5102 1215 5164 et
1231 5091 1361 5190 partim
1379 5091 1418 5164 in
1433 5091 1518 5164 fine.

352 5234 559 5323 Imperfectus
575 5247 622 5300 est
643 5234 695 5300 hic
712 5235 842 5299 Codex:
866 5235 983 5300 excidit
997 5237 1081 5301 enirn
1104 5237 1253 5328 quicquid
1276 5239 1417 5326 sequitur
1433 5235 1652 5325 Quaestionem
1666 5232 1707 5299 de
1723 5233 1802 5298 Pro·

310 5347 433 5433 phetiri3
450 5370 522 5434 quse
537 5347 569 5409 in
585 5345 646 5410 hoc
660 5345 743 5410 libro
757 5331 805 5412 est
822 5356 903 5413 168:
920 5347 952 5410 in
968 5347 1128 5433 impressis
1142 5371 1218 5412 vero
1236 5356 1308 5416 171.

354 5457 462 5546 Hujus
476 5459 550 5523 libri
565 5458 719 5544 scriptura
734 5459 887 5544 superiori
903 5459 1013 5522 similis
1027 5471 1091 5536 est3
1107 5463 1136 5524 &
1151 5471 1228 5524 aetss
1243 5457 1372 5545 aequalis
1386 5455 1520 5523 videtur.

354 5571 395 5636 Iu
408 5573 515 5638 initio:
540 5571 627 5638 “De
641 5573 689 5637 coi
704 5573 801 5637 libre'i
816 5572 972 5669 Mo‘chop
987 5570 1139 5636 Dunelr‘ii.

230 5841 285 5908 14.
313 5832 412 5913 Tuo.
431 5833 672 5934 [Aquinatis]
692 5834 869 5912 Sncuunr
888 5835 1077 5924 Scccmnu,
1098 5859 1179 5912 cunr
1197 5834 1360 5916 Tenum
1378 5833 1586 5937 [etTitulis
1616 5833 1796 5932 Quaestio-

862 5958 974 6054 num]
992 5983 1033 6034 m
1050 5983 1149 6038 mnu.

361 6099 439 6168 Post
454 6101 612 6168 Tabulam
627 6114 675 6169 est
690 6101 795 6170 Iudex
810 6101 993 6170 Titulorum
1006 6103 1230 6190 alphabeticus.
