4592 7850
548 1155 621 1231 294
1095 1157 1252 1211 comens
1278 1154 1533 1209 umescens:

322 1379 366 1456 C,
379 1375 447 1452 IV,
462 1382 497 1451 2,
545 1368 676 1436 summis
689 1363 862 1452 presertim
878 1361 970 1440 soliis,
986 1359 1119 1425 humore
1133 1359 1294 1444 corrupti)
1310 1357 1400 1423 lineis
1415 1355 1581 1433 continuis,
1597 1354 1696 1420 literis
1710 1355 1861 1433 cursivis3
1876 1367 1908 1422 et
1922 1358 2033 1424 eidem

330 1474 446 1526 ”mm
550 1506 623 1550 cum
638 1475 807 1547 Aristotele
821 1487 922 1540 atate.

465 1803 501 1871 8.
528 1795 717 1868 Patronis
737 1787 894 1860 Pomrrs
912 1783 1042 1858 Latine
1060 1807 1200 1858 versae
1218 1779 1383 1880 P.[etro]
1402 1777 1570 1855 Candido
1587 1779 1806 1854 Decembre.

610 1939 850 2006 &minantur

555 2087 582 2142 1.
607 2075 776 2140 Errsroas
799 2070 980 2135 Fnancrscr
1006 2068 1213 2145 Preotasssr,
1238 2065 1468 2152 Archipresulis
1495 2063 1741 2130 Mediolanensis
1764 2065 1805 2130 ad
1821 2065 2032 2132 Humfir'dum

652 2185 778 2251 Ducem
794 2180 1079 2256 Gloucestrensem‚
1094 2178 1156 2265 qud
1170 2177 1256 2242 hunc
1269 2173 1384 2242 libr'urn
1399 2177 1428 2240 ei
1443 2175 1650 2240 commendat.

610 2298 663 2363 Sic
677 2293 802 2380 incipit:
829 2299 850 2334 “
863 2291 945 2356 Cum
960 2289 1090 2366 dudum,
1106 2287 1310 2352 illustrissime
1327 2287 1554 2371 Princeps‚”-··

554 2441 584 2498 2.
608 2433 776 2498 Errsromt
793 2427 945 2508 essem]
962 2425 1113 2490 Cssnrm
1130 2423 1334 2488 Dscsuanrs
1348 2421 1390 2486 ad
1404 2421 1539 2486 eundem
1556 2421 1774 2488 Humfridum.

613 2541 665 2607 sic
680 2539 805 2622 incipit:
830 2535 1046 2600 “Clarissima
1060 2531 1145 2618 opud
1161 2531 1257 2596 Italos
1273 2553 1382 2596 omnes
1396 2531 1520 2595 virtutis
1534 2543 1587 2596 tue
1602 2529 1749 2596 fama’'—

564 2685 594 2742 8.
618 2676 807 2740 Hunsnror
824 2672 934 2738 Ducrs
951 2669 1251 2734 Guoucesrasnsrs
1268 2667 1410 2753 Epistola
1424 2668 1465 2732 ad
1482 2668 1519 2734 Ρ.
1537 2667 1727 2734 Candidum.

612 2787 664 2852 Sic
677 2784 804 2868 incipit:
829 2791 850 2824 ‘⁶
862 2781 911 2848 Ee
924 2781 1016 2845 nobis
1030 2803 1153 2866 semper
1168 2780 1320 2844 sententia
1333 2779 1401 2858 fuit,
1415 2778 1560 2844 Candide
1574 2793 1679 2844 noster
1694 2781 1948 2864 suavissime,”-

554 2937 585 2994 4.
610 2926 797 2992 Humsnrnr
814 2943 970 2990 meamne
987 2919 1130 3006 Epistola
1144 2921 1190 2984 2⁶·
1205 2919 1244 2984 ad
1261 2919 1406 2984 eundem.

613 3039 666 3104 Sic
679 3037 806 3122 incipit:
832 3044 853 3076 ‘⁶
867 3035 913 3100 Ut
928 3033 1003 3098 alias
1017 3033 1133 3096 nostris
1147 3031 1205 3096 tibi
1220 3031 1464 3116 scripsimus'’-

557 3185 586 3240 5.
611 3175 772 3240 Centrum
795 3171 990 3258 singulorum
1014 3170 1047 3233 in
1072 3168 1217 3233 omnibus
1242 3166 1330 3232 libris
1355 3171 1588 3234 Anconem
1646 3171 1687 3236 Et
1713 3171 1891 3239 inseruntur
1912 3176 1944 3240 in
1966 3177 2037 3262 ipso

655 3286 736 3350 libro
751 3284 903 3348 librorum
919 3280 1114 3370 singulorum
1129 3292 1322 3368 argumenta.

614 3441 653 3507 ln
668 3441 731 3504 fine
745 3441 817 3504 libri
832 3439 1040 3526 subjiciuntur
1055 3463 1063 3502 :

618 3562 646 3617 1.
679 3551 855 3630 Humfridi,
880 3551 981 3616 Ducis
1006 3549 1256 3616 Gloucestrensis
1280 3549 1321 3613 ad
1349 3549 1520 3631 P.[etrum]
1547 3551 1736 3632 Candidum,
1769 3577 1862 3640 super
1888 3558 2035 3622 missione

699 3665 852 3729 librorum
868 3673 887 3730 5
905 3663 1023 3728 Policie
1040 3661 1200 3728 Platonica
1217 3661 1360 3747 Epistola
1376 3663 1659 3729 Commendetoria.

658 3777 710 3842 Sic
725 3777 852 3860 incipit:
878 3781 899 3816 “
910 3773 1184 3860 Expectatlssimas
1199 3771 1303 3836 literas
1316 3785 1387 3837 tuas
1402 3774 1641 3858 accepimus''-

657 3887 744 3953 Data
758 3900 806 3950 est
821 3885 970 3964 Londini,
991 3895 1030 3950 10
1048 3885 1183 3949 Kalend.
1200 3884 1301 3968 April.
1322 3893 1414 3950 1439.

600 4009 630 4066 2.
656 3999 741 4066 Petri
759 3997 896 4064 Candidi
921 3997 961 4062 ad
986 3995 1193 4062 Humsridum
1214 3995 1340 4060 Ducem
1363 3995 1638 4060 Gloucestrensem
1663 3997 1695 4059 in
1717 4001 1950 4068 transmissione
1971 4029 2037 4069 orn·

686 4113 773 4175 nium
789 4111 940 4174 librorum
958 4107 1098 4192 Epistola
1112 4108 1299 4172 conclusiva.

661 4222 713 4286 Sic
728 4221 855 4306 incipit:
882 4227 903 4262 ‘⁶
916 4218 1027 4283 Habes
1042 4217 1169 4282 tandem
1184 4220 1252 4285 mesi
1275 4219 1369 4303 operti
1389 4217 1528 4284 Platonis
1543 4221 1640 4285 libros
1654 4246 1733 4308 qnos
1748 4229 1872 4310 optasti,
1891 4229 2040 4320 Princeps

705 4339 727 4372 “
742 4331 1023 4406 illustrissime,”-

603 4529 656 4596 De
681 4529 778 4594 Petro
801 4528 957 4608 Candido,
981 4541 1013 4594 et
1026 4529 1086 4594 hac
1109 4530 1248 4596 Platonis
1271 4533 1412 4598 versione
1434 4533 1604 4620 loquuntur
1625 4535 1783 4602 Lelandus
1806 4540 1850 4623 (in
1877 4541 2041 4610 Hunsrido

561 4641 653 4710 Duce
670 4641 859 4722 Claudiano)
874 4653 906 4705 et
921 4641 1093 4721 Gesnerus,
1117 4643 1171 4730 qui
1186 4643 1229 4707 ait
1243 4665 1315 4708 eum
1329 4643 1423 4708 fuisse
1440 4643 1629 4730 Magistrum
1646 4645 1792 4712 Brevium
1810 4649 1932 4716 Nicolai
1945 4655 2041 4740 Papoe

563 4755 616 4822 5⁶.
661 4753 771 4818 Adivit
784 4774 860 4818 vero
874 4751 925 4818 ille
942 4751 1163 4818 Pontificatum
1179 4753 1264 4818 A.D.
1285 4762 1387 4824 1447:
1409 4778 1473 4842 quo
1488 4757 1581 4819 etiam
1596 4779 1679 4820 anno
1696 4757 1884 4826 Humfridus
1899 4779 2041 4832 mortuus

562 4879 619 4931 est.
664 4865 716 4930 De
738 4877 879 4950 tempore
904 4865 999 4952 igitur
1023 4887 1086 4952 quo
1111 4865 1224 4930 Petrus
1245 4865 1352 4930 floruit
1376 4867 1450 4931 sotis
1474 4881 1603 4933 constet.
1658 4870 1700 4934 Et
1723 4871 1861 4956 Epistola
1884 4894 2045 4960 postrema

565 4975 729 5040 Humfridi
752 4975 869 5040 indicat
891 4998 955 5062 quo
980 4997 1063 5040 anno
1083 4975 1244 5040 Versionis
1266 4975 1358 5062 hujus
1381 4997 1455 5061 pars
1476 4979 1564 5061 prior
1588 4983 1637 5062 (ut
1651 4979 1784 5064 videtur)
1806 4985 1944 5068 perfecta
1965 4989 2042 5056 fuit:

564 5088 681 5152 scilicet
695 5087 769 5150 anni
787 5096 869 5152 1188
885 5087 958 5164 fine,
976 5086 1024 5150 vel
1039 5086 1195 5171 sequentis
1210 5085 1308 5150 initio.
1354 5085 1397 5150 Et
1411 5087 1536 5174 quidem
1552 5087 1603 5152 hic
1617 5090 1728 5154 Codex
1742 5113 1805 5156 non
1820 5097 1921 5161 multo
1937 5121 2044 5164 recen-

565 5199 626 5263 tior
641 5197 773 5263 videtur.
819 5199 960 5284 Scriptus
983 5209 1030 5261 est
1052 5199 1084 5260 in
1106 5197 1232 5274 chatti:
1255 5197 1345 5262 lineis
1360 5199 1506 5288 integris:
1529 5199 1625 5265 literis
1648 5205 1755 5282 acutis,
1778 5209 1926 5287 cursivis:
1949 5213 1981 5274 in
1997 5217 2042 5277 4¹⁰

565 5331 691 5374 minori.

611 5421 650 5486 ln
664 5421 747 5484 fine:
773 5417 900 5484 “Liber
917 5421 987 5484 ttici
1005 5420 1065 5506 Epi
1082 5420 1257 5485 Norwicen.
1281 5421 1426 5508 Nylrlre.''
1472 5419 1626 5488 Ricardus
1643 5423 1757 5514 Nykke
1781 5434 1857 5514 (aut,
1874 5446 1909 5498 ut
1922 5435 1962 5500 ab
1976 5437 2045 5501 aliis

567 5545 705 5610 vocatur,
723 5531 802 5614 Nix)
817 5531 916 5597 lectus
930 5547 977 5597 est
992 5533 1166 5618 Episcopus
1183 5533 1391 5598 Norwicensis
1408 5533 1493 5600 A.D.
1511 5544 1601 5600 1501.

611 5643 715 5708 Datus
730 5655 778 5707 est
798 5642 849 5707 hic
866 5643 978 5708 Codex
992 5642 1065 5708 huic
1082 5643 1287 5708 Bibliotheca
1309 5643 1524 5728 aTheophilo
1540 5645 1716 5736 Pickering,
1743 5651 1859 5718 S.T.P.
1875 5655 1967 5743 hujus
1983 5655 2046 5725 Ec-

570 5753 673 5819 clesiae
689 5753 860 5818 Canonico.

625 5936 763 6020 [Epistolas
774 5937 830 6004 has,
840 5948 894 5994 tam
906 5940 977 5994 Petri
989 5939 1101 5996 Candidi
1112 5939 1273 6004 Decembris,
1284 5955 1360 6010 quam
1372 5937 1456 5994 Ducis
1468 5939 1667 6010 Glocestreuais,
1676 5945 1787 6001 ineditas
1796 5953 1926 6016 essentis
1935 5965 2045 6010 constat.

591 6007 676 6073 Brevi,
687 6007 749 6062 Deo
759 6007 874 6076 volente,
884 6011 1035 6081 prodibunt,
1044 6019 1138 6082 utpote
1151 6009 1304 6066 Mecaenatir
1318 6011 1393 6082 Angli
1405 6011 1491 6066 studia
1502 6022 1529 6068 et
1536 6015 1681 6084 patrocinia
1690 6017 1755 6074 muti
1764 6019 1931 6080 illustrantes.
1966 6026 2047 6097 J.·1t.}
