4630 7860
784 1103 970 1156 necarem
996 1103 1269 1155 nnucauanms.
1713 1082 1765 1158 59

78 1303 194 1380 Α.ΙΙΙ.
207 1311 267 1381 85.
299 1305 405 1389 (7)-
420 1300 577 1387 Epistulas
592 1300 693 1366 Pauli.
737 1303 785 1388 (8)
800 1339 844 1353 -
859 1303 967 1367 Actus.
1011 1303 1060 1387 (9)
1075 1338 1119 1352 -
1133 1298 1290 1387 Epistolas
1306 1297 1489 1363 Canonicas.
1534 1298 1662 1383 (10)-
1676 1297 1765 1383 Apo·

88 1402 194 1490 didit:
294 1414 432 1500 calipsin.
480 1413 519 1477 ln
532 1413 570 1477 iis
584 1412 762 1478 indicentur
777 1413 866 1492 Loci,
882 1435 947 1477 non
962 1412 1062 1477 solum
1079 1412 1203 1491 Biblici,
1227 1409 1390 1477 sedetiam
1406 1409 1601 1495 Scriptorum
1615 1419 1764 1487 veterum,

293 1526 347 1592 nbi
362 1525 443 1590 Loci
456 1525 507 1588 isti
520 1525 726 1610 explicantur.

337 1637 376 1704 ln
390 1637 492 1700 fioute
506 1635 594 1700 libri:
619 1635 749 1700 “Liber
765 1635 813 1701 Sti
830 1634 995 1700 Cuthberti
1009 1635 1182 1722 assignatus
1196 1633 1355 1698 communi
1368 1633 1535 1700 armariolo
1548 1656 1606 1720 per
1621 1635 1764 1702 Fratrem

298 1756 319 1790 “
333 1748 445 1812 Joltem
460 1746 501 1809 de
518 1745 762 1832 Wessyngton.”

340 1860 480 1944 Scriptus
502 1873 549 1922 est
570 1857 622 1922 hic
637 1858 749 1923 Codex
769 1858 866 1922 literis
889 1856 1108 1932 mediocribus,
1129 1867 1201 1918 ente
1223 1875 1340 1918 annum
1367 1863 1460 1932 1116,
1484 1878 1548 1942 quo
1569 1858 1707 1922 Joannes
1721 1857 1762 1922 de

299 1971 514 2058 Wessyngton
539 1969 683 2056 Coenobij
709 1969 802 2034 Prior
823 1969 938 2034 electus
960 1979 1007 2031 est
1014 1991 1024 2043 3
1047 1967 1121 2053 quia
1143 1965 1183 2029 ab
1207 1965 1318 2030 eodem
1339 1963 1494 2043 Johanne,
1519 1966 1629 2032 Fratre
1650 1969 1764 2060 adhuc,

298 2082 368 2167 (ie.
384 2080 560 2162 Monecho)
577 2080 733 2146 Coenobio
755 2080 840 2144 dono
858 2080 951 2144 datus
966 2091 1021 2143 est
1068 2077 1131 2142 Sed
1152 2077 1306 2142 recentior
1327 2087 1374 2140 est
1390 2075 1531 2165 Hugone
1545 2078 1585 2142 de
1601 2080 1649 2145 Sl⁰
1669 2081 1764 2159 caro,

298 2193 365 2284 (qui
379 2192 457 2257 obiit
469 2213 553 2258 enno
571 2193 667 2273 1260)
682 2191 756 2279 quia
771 2189 919 2277 Cupitum
932 2188 1162 2254 distinctionem
1176 2188 1217 2252 eb
1231 2209 1270 2252 eo
1283 2188 1455 2254 institutum
1469 2190 1617 2277 sequitur.

210 2451 271 2528 36.
298 2452 488 2530 Anoursn
505 2452 647 2530 Guosa
664 2476 705 2526 nr
723 2451 931 2527 Errsroms
949 2450 1153 2525 Pannnus.

816 4012 881 4110 A.
908 4041 967 4108 ιν.
991 4041 1200 4119 Quaero.

224 4261 258 4328 1.
284 4251 492 4328 Lavrrrcns
509 4275 726 4328 cnossarus.

354 4399 493 4467 Exhibet
512 4401 565 4467 hic
582 4403 692 4468 Codex
709 4401 883 4468 Leviticum
904 4426 975 4468 curn
992 4403 1107 4469 Glossa
1127 4404 1284 4470 ordinarii
1307 4417 1338 4470 et
1359 4407 1557 4474 interlineari.
1602 4410 1723 4478 Textus
1745 4416 1777 4479 in

310 4513 414 4580 medio
429 4511 573 4578 scribitur
594 4514 691 4579 literis
705 4515 894 4601 majoribus3
916 4515 967 4579 cui
982 4516 1127 4602 utrinque
1140 4517 1173 4579 in
1194 4518 1335 4605 margine
1356 4519 1535 4609 adjungitur
1550 4521 1674 4602 Glossa,
1690 4524 1779 4590 addi·

310 4625 349 4688 tis
363 4624 547 4711 plerumque
561 4625 746 4710 scriptorum
768 4627 956 4705 nominibus,
980 4627 1124 4713 equibus
1146 4641 1294 4714 excerpta
1313 4628 1380 4694 fuit.
1425 4629 1513 4696 Inter
1528 4634 1704 4720 Scriptores
1726 4661 1779 4704 eos

311 4735 480 4822 saepissiml²
494 4749 663 4801 occurrunt
678 4736 843 4826 Origenes,
861 4738 992 4816 Esicius,
1014 4738 1064 4802 vel
1080 4738 1207 4819 Esitius,
1223 4740 1420 4827 [Hesychius
1437 4741 1741 4832 Hierosolymitenus
1753 4755 1779 4831 r]

312 4848 412 4914 rarids
429 4849 654 4938 Hieronymus,
671 4863 703 4916 et
717 4851 922 4940 Augustinus.

356 4959 395 5024 ln
410 4960 510 5027 fronte
524 4963 615 5027 libri:
641 4969 662 5004 “
672 4963 742 5028 Lib.
760 4963 849 5049 Ηυξ.
866 4963 957 5049 Epi?
1010 4972 1031 5005 ‘⁶
1041 4961 1111 5028 Lib.
1137 4963 1185 5028 SE
1202 4961 1350 5028 Cuthltti’'
1373 4975 1404 5028 et
1423 4965 1463 5030 eb
1489 4966 1549 5032 alit
1570 4989 1685 5032 manu:
1710 4969 1780 5035 “de

312 5069 483 5136 Durilmo.”
528 5073 567 5138 In
582 5074 671 5138 initio
681 5073 822 5139 Glossae:
848 5073 1209 5159 “Inlesple'ndement.”
1253 5075 1306 5140 De
1320 5075 1475 5155 hecvoce,
1503 5078 1576 5143 &ei
1589 5078 1779 5166 Synonyrnd,

314 5181 535 5266 Spendement,
547 5191 631 5272 (quae
640 5208 723 5272 soepe
737 5200 906 5251 occurrunt
919 5185 952 5248 in
967 5185 1061 5250 initiis
1076 5186 1241 5268 librorum)
1253 5186 1324 5251 vide
1335 5209 1430 5272 supra
1442 5187 1588 5254 Pluteum
1603 5212 1655 5256 111.
1670 5191 1740 5256 cod.
1750 5200 1781 5258 2.

356 5295 514 5360 Accuratd
528 5296 660 5382 scriptus
682 5309 730 5361 est
749 5297 801 5360 hic
818 5296 938 5375 Codex,
962 5297 1084 5362 circiter
1101 5295 1250 5384 Hugonis
1272 5295 1328 5377 [de
1344 5297 1497 5378 Puteeco]
1513 5297 1672 5385 Episcopi,
1695 5304 1782 5386 cujus

314 5427 428 5471 nomen
443 5408 476 5470 in
490 5406 592 5472 fronte
606 5409 697 5497 gerit,
713 5421 856 5486 aetatem3
871 5408 951 5473 adeo
965 5421 1000 5473 ut
1013 5409 1054 5474 ad
1070 5417 1133 5474 550
1148 5429 1246 5471 annos
1261 5429 1424 5496 assurgere
1438 5408 1588 5474 videatur.

357 5516 474 5584 Literae
488 5521 621 5607 majores
634 5520 797 5606 paululum
812 5521 995 5586 acuminatae
1009 5531 1091 5597 sunt,
1107 5521 1243 5584 minores
1258 5519 1411 5584 rotundoe.

232 5783 266 5852 2.
292 5775 538 5857 Psaarnnruu
555 5805 629 5856 ono
648 5780 850 5882 [serrum]

359 5925 477 5990 Psalmi
493 5941 565 5993 sunt
579 5951 650 5994 cunr
665 5928 768 6017 glossri
783 5926 972 5992 interlineari
987 5938 1019 5991 et
1033 5926 1189 6004 exteriori,
1206 5949 1277 6014 qnae
1291 5939 1323 5992 et
1336 5928 1493 5993 ordinaria
1508 5929 1632 5996 dicitur.

361 6035 493 6103 Psalmis
509 6040 714 6126 subjiciuntur
728 6039 788 6104 alia
802 6038 895 6104 etiam
911 6037 1042 6103 Cantica
1052 6035 1183 6114 Biblice,
1199 6047 1231 6102 et
1246 6037 1369 6116 Preces,
1385 6053 1417 6103 et
1432 6037 1545 6106 Officia
1554 6041 1786 6109 Ecclesiastice:

318 6145 444 6228 scilicet,
