4630 7860
565 1086 614 1154 58
1083 1101 1239 1154 comem
1264 1101 1518 1154 nsunscarrrr

327 1297 527 1374 A‚111‚31‚
603 1299 744 1383 Scriptus
759 1311 805 1362 est
818 1295 870 1362 hic
882 1295 994 1362 Codex
1008 1295 1097 1362 lineis
1111 1298 1227 1376 divisis,
1243 1320 1307 1364 non
1323 1299 1508 1379 inaccurati,
1524 1302 1613 1366 armis
1629 1308 1677 1387 (ut
1691 1305 1826 1388 videtur)
1841 1306 1955 1374 abhinc
1969 1311 2032 1376 cir-

333 1396 448 1484 Ml‘lhll'g
554 1413 630 1477 citer
645 1421 726 1487 4003
742 1411 824 1474 certe
840 1421 911 1473 ante
926 1431 1042 1472 annum
1061 1419 1162 1476 1400:
1187 1425 1221 1476 ut
1235 1411 1421 1478 confirmare
1435 1413 1576 1478 videatur
1590 1429 1726 1482 nostram
1743 1418 1783 1484 de
1799 1418 1922 1484 Nicolai
1935 1433 2027 1488 aetate

554 1525 772 1610 conjecturam.
818 1521 899 1586 Vide
914 1543 1009 1606 supra
1022 1522 1163 1588 codicem
1181 1533 1230 1588 13.

598 1635 707 1700 Habet
721 1633 795 1698 folia
810 1641 885 1703 277.

467 1927 527 1994 39.
556 1917 737 1994 Mrssnnn.

597 2067 802 2134 Praemittitur
819 2065 1055 2143 Kalendarium‚
1081 2065 1234 2131 exhibens
1256 2069 1384 2132 nomina
1408 2069 1581 2151 Festorum,
1606 2073 1776 2156 Kalendas,
1794 2077 1912 2159 Nonas,
1937 2081 2023 2160 ldus,

544 2149 699 2266 'Epactaa
722 2191 754 2242 et
767 2179 871 2244 literas
893 2178 1116 2244 Dominicales.
1163 2179 1300 2266 Singulis
1321 2182 1480 2246 mensibus
1501 2189 1696 2270 praeponitur
1717 2213 1823 2258 versus
1845 2215 1935 2271 unus,
1958 2193 2025 2260 dies

550 2294 702 2370 indicans,
718 2292 771 2378 qui
786 2292 819 2354 in
834 2291 878 2354 eis
894 2289 1018 2355 infausti
1033 2291 1238 2356 habebantur.
1994 2281 1996 2286 ’

595 2440 618 2473 “
630 2431 835 2496 Jnuunruus.
896 2427 1003 2492 Prima
1018 2427 1084 2492 dies
1099 2429 1213 2492 mensis
1228 2441 1260 2493 et
1276 2429 1415 2514 Septima
1429 2443 1553 2498 truncat
1567 2447 1602 2498 ut
1616 2437 1708 2502 ensis.

595 2549 617 2583 ‘⁶
633 2541 864 2604 Fannunnrus.
894 2537 1017 2614 Quarta
1031 2539 1115 2603 subit
1128 2551 1279 2604 mortem:
1294 2542 1464 2624 prosternit
1479 2542 1588 2608 Tertia
1602 2545 1723 2613 fortem.

594 2661 615 2694 ‘⁶
631 2651 803 2716 Minurus.
896 2651 1021 2714 Primus
1035 2651 1236 2716 mandantem
1249 2651 1434 2737 disrumpit:
1453 2653 1577 2731 Quarta
1591 2658 1760 2726 bibentem.

593 2772 614 2804 “
630 2765 782 2826 Aratus.
895 2760 1007 2826 Denus
1022 2773 1053 2825 et
1069 2761 1225 2828 Undenas
1239 2775 1287 2828 est
1299 2763 1408 2828 mortis
1423 2764 1550 2830 vulnere
1564 2767 1685 2852 plenus.

592 2885 614 2918 ‘⁶
630 2874 759 2940 Marus.
894 2873 1021 2936 Tertius
1035 2873 1166 2938 occidit:
1182 2886 1214 2938 et
1229 2873 1386 2958 Septimus
1400 2895 1457 2938 ora
1470 2875 1583 2942 relidit.

594 2996 615 3029 “
630 2988 767 3052 Juurus
898 2984 1010 3048 Denus
1024 2983 1181 3068 pallescit:
1205 2983 1393 3060 Quindenus
1408 2984 1513 3050 federa
1528 2987 1634 3051 nescit.

594 3107 615 3138 “
629 3097 762 3162 Junrus.
893 3093 1098 3158 Terdecimus
1112 3105 1228 3158 mactat
1241 3095 1334 3183 Julij:
1351 3095 1464 3160 Denus
1478 3095 1654 3162 labefactat

595 3217 616 3248 “
633 3210 826 3272 Aususrus.
898 3205 1005 3270 Prima
1019 3218 1109 3269 necat
1123 3205 1254 3270 fortem:
1269 3207 1439 3290 prosternit
1455 3206 1600 3272 Secunda
1613 3207 1784 3275 cohortem.

596 3327 617 3360 “
633 3319 848 3382 Summanu.
898 3315 1007 3379 Tertia
1022 3315 1224 3400 Septembris,
1240 3329 1272 3380 et
1287 3316 1399 3382 Denus
1414 3315 1475 3380 fert
1489 3317 1571 3381 mala
1585 3319 1743 3384 membris.
1833 3316 1835 3324 ’

593 3441 615 3473 “
631 3431 803 3497 Oenonen.
897 3427 1024 3490 Tertius
1038 3441 1070 3490 et
1085 3427 1196 3493 Denus
1211 3441 1258 3492 est
1271 3429 1351 3492 sicut
1364 3450 1450 3492 mors
1464 3428 1592 3494 alienus.

595 3553 616 3585 “
633 3545 835 3608 Norenses.
897 3541 1046 3626 Scorpius
1060 3553 1107 3604 est
1122 3539 1280 3616 Quintus:
1303 3551 1335 3604 et
1350 3539 1477 3605 Tertius
1491 3555 1539 3605 est
1552 3565 1629 3606 nece
1643 3543 1771 3608 cinctus.

595 3665 616 3698 “
632 3657 835 3721 Ducentem.
896 3653 1052 3737 Septimus
1067 3651 1237 3740 exanguis:
1254 3651 1373 3716 virosus
1389 3652 1501 3718 Denus
1516 3667 1551 3718 ut
1565 3655 1704 3744 anguis.”

593 3877 730 3944 Pulchre
745 3877 877 3962 scriptus
892 3887 939 3940 est
952 3874 1004 3938 bic
1020 3873 1132 3939 Codex
1155 3874 1269 3940 Literis
1287 3873 1466 3960 majoribus,
1489 3877 1681 3955 acuminatis,
1705 3889 1776 3943 ente
1790 3901 1889 3946 annos
1903 3882 2025 3951 circiter

548 4002 622 4058 400.
668 3990 829 4056 Mensium
843 3988 981 4066 nomina,
999 3985 1162 4066 Kalendae,
1180 3986 1292 4064 Nonoe,
1310 3987 1396 4064 Idus,
1411 3986 1549 4072 Epactae,
1567 3987 1660 4053 Festa
1668 3993 1795 4078 majora,
1811 3993 1907 4058 literis
1922 3998 2025 4063 rubris

548 4107 597 4170 vel
612 4103 753 4170 caeruleis
774 4101 986 4188 designantur.
1033 4099 1182 4162 Rubricoe
1205 4105 1295 4184 (quas
1310 4101 1435 4180 vocant)
1457 4101 1554 4165 literis
1574 4103 1709 4168 miniatis
1731 4106 1940 4190 pulcherrime
1954 4111 2024 4195 piu·

549 4225 675 4302 guntur.
720 4212 814 4275 Notae
828 4209 922 4272 etiam
944 4205 1072 4270 musicae
1086 4221 1289 4291 apponuntur
1310 4207 1364 4270 ubi
1379 4230 1458 4292 opus
1473 4223 1529 4273 est.
1575 4211 1667 4276 Adeo
1688 4225 1724 4276 ut
1737 4215 1819 4278 inter
1833 4219 2024 4300 praestantis·

549 4327 643 4390 simos
658 4325 724 4408 ejus
738 4320 837 4386 aetatis
853 4318 958 4383 Msios
974 4317 1093 4382 censeri
1108 4316 1230 4380 debeat.

464 4617 523 4684 33.
551 4609 589 4684 A
606 4630 707 4682 soon
725 4630 771 4680 or
789 4605 967 4678 Snnvrcus
986 4625 1057 4675 ron
1073 4625 1149 4675 run
1168 4601 1305 4688 Ourna.
1359 4602 1403 4675 In
1423 4599 1549 4701 Paper.

592 4759 673 4824 This
687 4757 771 4821 book
786 4779 847 4820 was
861 4756 931 4818 writ
953 4756 982 4819 Su
996 4750 1117 4838 prick’d
1140 4751 1181 4836 by
1197 4749 1254 4814 Mr
1270 4749 1421 4816 Matthew
1439 4751 1548 4826 Owen,
1572 4771 1632 4814 one
1646 4749 1684 4812 of
1699 4751 1752 4815 the
1768 4751 1878 4818 Minor
1894 4756 2022 4821 Canons

548 4871 586 4937 of
594 4871 655 4936 this
672 4868 818 4946 Church3
841 4867 904 4931 and
919 4862 1097 4930 asterwards
1113 4861 1208 4926 Vicar
1229 4861 1266 4924 of
1277 4861 1385 4926 Biwell
1402 4862 1438 4926 St
1454 4861 1557 4938 Peter,
1573 4861 1605 4924 in
1623 4861 1920 4930 Northumberland.
1966 4867 2022 4932 He

548 4982 631 5068 dyed
646 4982 742 5048 about
756 4980 809 5044 the
823 5000 897 5065 year
915 4985 1007 5043 1699.
1854 4985 1859 4995 ·

591 5093 777 5160 Manu-In
793 5091 874 5154 Nov.
893 5097 985 5165 1738,
1009 5086 1081 5163 this,
1096 5085 1126 5150 δι
1140 5095 1173 5171 ye
1190 5082 1347 5170 following
1363 5083 1464 5160 Book,
1487 5105 1559 5160 was,
1581 5084 1624 5169 by
1639 5096 1768 5150 consent
1781 5085 1819 5150 of
1833 5096 1867 5174 y‘
1883 5083 2020 5154 Dean&

551 5205 700 5290 Chapter,
716 5201 853 5268 remov'd
869 5201 935 5264 into
948 5207 981 5286 γ*
994 5195 1133 5273 Cburcb,
1150 5194 1198 5258 for
1211 5203 1245 5281 ye
1257 5217 1311 5258 use
1324 5193 1363 5258 of
1370 5203 1403 5280 y‘
1416 5193 1523 5258 Choir.

463 5500 522 5566 34.
550 5491 588 5564 A
604 5513 705 5564 Boou
724 5513 769 5561 or
788 5486 989 5560 Ausucum.
1042 5482 1097 5580 By
1116 5479 1177 5554 the
1194 5505 1290 5554 same
1308 5478 1417 5552 hand.
1470 5477 1513 5552 In
1534 5477 1661 5578 Paper.

463 5797 523 5862 35.
549 5787 710 5861 TABULA
729 5807 844 5857 SUPER
862 5805 987 5855 OMNES
1004 5801 1136 5852 LIBROS
1155 5777 1299 5850 Blnrua.

604 5933 727 5998 Indices
742 5942 814 5994 sunt
836 5927 1021 6014 alphabetici
1042 5946 1148 5990 rerum
1162 5924 1195 5986 in
1210 5923 1305 5986 sacris
1329 5921 1438 5987 Bibliis
1460 5937 1686 6003 contentarum,
1711 5925 1743 5988 in
1765 5926 1857 6010 plura
1877 5928 2019 5993 membra

547 6045 647 6110 divisi.
692 6045 740 6130 (l)
757 6044 859 6128 Super
883 6037 1149 6125 Heptateuchum.
1194 6036 1242 6118 (2)
1259 6035 1360 6120 Super
1382 6036 1478 6099 libros
1502 6037 1699 6104 Historiales.
1744 6039 1792 6121 (8)
1809 6039 1911 6122 Super
1928 6038 2016 6102 Psal-

547 6156 669 6222 terium.
714 6155 763 6240 (4)
790 6153 892 6238 Super
912 6150 1038 6216 Joburn.
1099 6149 1146 6232 (5)
1172 6147 1274 6230 Super
1295 6146 1391 6211 libros
1413 6148 1598 6214 Solomonis.
1644 6150 1692 6232 (6)
1717 6147 1820 6232 Super
1836 6147 2019 6238 Evangelia.
