4634 7874
843 1073 1032 1128 accurare
1051 1073 1330 1130 uuuauuauus.
1756 1062 1831 1134 405

49 1213 121 1344 1le
119 1211 334 1358 alidublrblffl.
366 1284 418 1349 71.
442 1277 495 1344 De
510 1275 657 1362 dapifero,
666 1275 800 1362 predicti
817 1277 1006 1357 Sacerdotis,
1030 1279 1085 1366 qui
1098 1301 1257 1365 passerem
1273 1275 1354 1342 infra
1370 1273 1587 1364 Cymeterium
1603 1275 1643 1344 Β.
1660 1275 1829 1345 Cuthberti

86 1347 208 1390 mm
446 1389 729 1478 rapuit-qualiter
750 1389 816 1454 tota
838 1389 890 1454 die
909 1391 1103 1458 oberraverit
1115 1393 1155 1470 &,
1174 1389 1345 1457 Sacerdote
1368 1401 1489 1468 orante,
1514 1409 1641 1460 sensum
1663 1392 1830 1478 receperit.

449 1503 533 1570 Haee
548 1502 687 1590 quinque
702 1501 863 1580 miracula,
887 1525 959 1590 quae
974 1503 1086 1570 ordine
1105 1503 1256 1570 continuo
1278 1503 1311 1568 iu
1326 1500 1508 1590 precedenti
1521 1503 1773 1590 prescripsimus,
1790 1503 1831 1568 ab

446 1614 587 1702 ejusdem
602 1613 664 1678 loci
680 1613 851 1680 Sacerdote
866 1626 898 1679 et
920 1614 1077 1680 sociorum
1100 1615 1166 1701 ejus
1185 1613 1398 1693 multitudiue,
1422 1613 1475 1700 qui
1491 1635 1564 1678 cum
1578 1636 1618 1678 eo
1633 1614 1832 1680 Dunelmum

448 1727 549 1818 gratia
565 1727 715 1792 orationis
730 1739 762 1792 et
783 1725 848 1790 voti
868 1725 916 1792 sui
931 1726 1131 1814 persolvendi
1154 1725 1310 1793 desiderio
1332 1725 1535 1805 advenerant,
1560 1726 1641 1792 sicut
1655 1727 1696 1792 ab
1710 1727 1755 1792 eia
1770 1739 1833 1793 tes·

448 1839 587 1906 tentibus
603 1837 780 1918 didicimus,
796 1839 841 1904 ita
855 1839 1030 1917 retulimus,
1043 1841 1139 1906 Anno
1154 1839 1195 1906 ab
1206 1838 1421 1904 incarnatione
1430 1838 1563 1903 Domini
1579 1844 1634 1904 ΜΟ.
1647 1845 1691 1906 0⁰.
1704 1861 1834 1910 txrrur.

454 1951 538 2016 Haec
553 1973 659 2014 coram
675 1949 781 2013 multis
796 1949 837 2013 ab
851 1950 896 2013 eis
911 1949 1098 2030 audivimus,
1120 1961 1161 2029 et,
1177 1949 1219 2014 ob
1237 1949 1275 2014 13.
1294 1949 1462 2018 Cuthberti
1476 1948 1641 2030 bonorem,
1658 1951 1699 2016 ad
1713 1973 1834 2017 merno-

451 2062 530 2150 riam
545 2061 679 2148 posteris
695 2060 992 2126 commendavimus.
1036 2084 1068 2146 p.
1087 2069 1159 2128 169.

374 2204 425 2265 73.
448 2194 501 2260 De
516 2195 603 2260 clave
619 2193 770 2260 Ecclestae
788 2196 824 2260 B.
843 2193 1011 2264 Cuthberti
1032 2195 1118 2284 apud
1134 2195 1278 2260 Norbam
1295 2197 1326 2260 in
1347 2197 1477 2262 flumine
1490 2197 1837 2288 projecto-quomodo

451 2307 523 2394 pius
540 2306 710 2372 Confessor
727 2307 889 2372 Sacerdoti
904 2308 1101 2395 apparuerim
1122 2320 1154 2374 et
1168 2308 1311 2396 qualiter,
1322 2310 1415 2395 juxa
1430 2309 1528 2395 ipsius
1544 2311 1716 2392 oraculum,
1733 2311 1766 2376 in
1781 2334 1837 2376 ore

451 2421 558 2508 magni
575 2419 742 2500 Salmonis,
758 2421 839 2486 sicut
853 2421 1043 2508 predixerat,
1059 2423 1204 2488 inventus
1218 2419 1320 2488 suerit.
1365 2444 1397 2508 p.
1416 2428 1488 2492 171.

332 2646 335 2654 1
374 2567 426 2630 74.
450 2559 502 2624 De
519 2559 687 2638 Helisand,
712 2559 884 2626 cameraria
910 2559 1044 2648 Reginae
1071 2558 1457 2646 Scottorum—quomodo
1481 2559 1656 2628 Ecclesiam
1680 2561 1718 2628 Β.
1737 2560 1839 2627 Cuth-

452 2673 533 2738 berti
549 2672 701 2738 Dunelm.
721 2673 851 2739 introire
866 2673 1102 2758 presumpserit,
1126 2683 1157 2736 et
1172 2671 1305 2760 qualiter
1319 2671 1451 2736 multata
1466 2673 1515 2748 sit,
1538 2685 1571 2736 et
1586 2696 1681 2760 quum
1696 2673 1840 2740 celeriter

451 2783 582 2848 Larissa
595 2783 636 2850 de
652 2783 794 2850 Ecclesia
810 2783 866 2848 suti
888 2783 998 2868 projici
1014 2806 1032 2846 a
1049 2782 1087 2846 B.
1106 2781 1283 2848 Cuthberto
1293 2783 1382 2868 jussa
1397 2783 1446 2848 sit.
1493 2783 1570 2850 Hoc
1584 2785 1771 2851 miraculum
1786 2809 1841 2850 ac·

451 2894 529 2960 cidit
542 2895 619 2959 dum
637 2895 709 2960 Rex
731 2896 910 2960 Scottorum
928 2892 1045 2970 David,
1073 2914 1204 2958 uxorem
1229 2893 1361 2957 Comitis
1388 2894 1534 2960 Simundi
1558 2895 1688 2960 senioris
1706 2897 1841 2964 Malrald

452 3009 485 3072 in
500 3008 682 3096 conjugium
697 3007 826 3086 ducens,
849 3007 890 3071 de
905 3005 1093 3070 australibus
1106 3005 1233 3092 Anglioe
1247 3005 1362 3070 finibus
1379 3006 1559 3085 remeando,
1575 3031 1633 3094 per
1644 3009 1842 3074 Dunelmum

454 3119 611 3199 transiret,
627 3121 734 3208 ibique
747 3119 982 3207 perhendinans
998 3119 1216 3206 requiesceret.
1260 3141 1292 3203 p.
1312 3125 1383 3187 174.

376 3264 427 3327 75.
451 3259 504 3326 De
521 3256 654 3324 Caballo
668 3257 831 3343 cujusdam
856 3256 1006 3342 Harpini,
1031 3255 1138 3324 militis
1153 3254 1194 3318 de
1214 3254 1387 3334 Thorlaue,
1412 3277 1470 3342 per
1484 3255 1618 3322 biduum
1640 3259 1673 3320 in
1692 3281 1780 3323 mare
1794 3258 1843 3323 di·

453 3371 765 3460 merso—quomodo
781 3370 820 3438 B.
838 3368 1034 3436 Cuthbertus
1056 3389 1129 3432 eum
1149 3389 1261 3432 sanum
1283 3367 1324 3431 de
1346 3367 1452 3432 medio
1466 3369 1562 3432 maris
1578 3369 1734 3449 eduxerit,
1757 3384 1789 3436 et
1803 3371 1845 3436 ad

453 3484 590 3570 lapidem
607 3505 820 3548 marmoreum
836 3503 930 3569 quem
946 3481 1087 3566 (hortatu
1104 3480 1236 3566 Rogerii
1252 3479 1371 3545 Prioris
1383 3479 1535 3546 Dunelm.
1551 3483 1766 3567 pavimentum
1782 3483 1845 3548 Ec-

457 3595 561 3662 clesiae
576 3607 674 3662 strato
688 3616 846 3660 marmore
866 3612 1056 3677 componere
1076 3590 1285 3676 disponentis)
1308 3589 1349 3654 de
1366 3591 1470 3657 Romal
1485 3593 1609 3672 tulerat,
1633 3595 1712 3658 etin
1727 3595 1845 3661 barensi

456 3706 620 3786 defixerat,
633 3707 754 3774 cunctis
769 3704 977 3792 stupentibus,
993 3702 1181 3789 pervenerit.
1227 3701 1308 3766 Erat
1321 3703 1411 3768 miles
1425 3702 1623 3784 fortissimus,
1637 3707 1754 3773 statura
1769 3730 1845 3794 pro·

457 3841 558 3898 cerus,
570 3819 667 3884 duelli
681 3820 849 3907 sagacitate
863 3817 993 3903 peritus,
1015 3815 1064 3880 vir
1078 3815 1245 3880 bellicosus
1260 3837 1366 3904 opere,
1390 3829 1535 3882 strenuus
1551 3819 1653 3884 omnis
1668 3820 1846 3910 prudentiae

459 3933 691 4020 equanimitate.
736 3953 768 4016 p.
788 3937 860 4000 177.

379 4080 431 4141 76.
456 4068 628 4148 Quomodo
644 4067 683 4133 Β.
702 4040 907 4146 Cuthbertus,
931 4077 1074 4152 tempore
1095 4065 1277 4130 Guillielmi
1300 4087 1403 4152 nuper
1426 4065 1577 4130 Dunelm.
1595 4065 1756 4153 Episcopi,
1780 4069 1846 4132 cui·

458 4181 533 4246 dam
547 4181 628 4246 laico
643 4179 757 4244 Idiotae
771 4177 910 4264 psalmos
925 4177 955 4242 St
969 4177 1126 4241 orationes
1135 4175 1307 4254 edocuerit,
1324 4177 1391 4240 sine
1401 4178 1488 4240 omni
1499 4176 1668 4257 eruditore,
1685 4179 1744 4243 sub
1753 4178 1847 4244 unius

461 4293 614 4360 momenti
636 4293 803 4358 celeritate.
850 4289 925 4356 Fuit
948 4289 1066 4355 Laicus
1087 4290 1146 4354 iste
1171 4288 1354 4354 Radbertus
1369 4289 1468 4368 miles,
1494 4289 1534 4354 de
1559 4291 1676 4356 Sancto
1692 4289 1846 4370 Martino‚

460 4405 649 4498 agrromine3
672 4405 736 4492 qui,
752 4403 915 4492 religionis
929 4401 1042 4468 ductus
1057 4424 1174 4479 arnore,
1196 4401 1446 4466 Dunelmensem
1463 4399 1637 4466 Ecclesiam
1653 4401 1800 4482 subierat,
1817 4413 1849 4468 et

460 4517 638 4584 monachici
654 4516 785 4583 Ordinis
799 4515 943 4580 habiturn
957 4513 1076 4580 ibidem
1090 4527 1276 4600 sumpserat
1320 4535 1352 4600 p.
1372 4521 1443 4579 188.

383 4665 435 4730 77.
459 4655 632 4734 Quomodo
647 4653 707 4718 Vir
720 4651 881 4740 predictus
897 4650 936 4716 B.
954 4649 1132 4716 Cuthberto
1146 4649 1188 4714 ad
1205 4649 1385 4736 sepulerum
1399 4650 1483 4714 illius
1498 4671 1557 4737 pro
1572 4652 1760 4716 numismate
1774 4671 1849 4737 sup·

458 4768 631 4854 plicaverit,
659 4778 691 4830 et
705 4765 746 4829 ad
768 4786 848 4852 opus
868 4763 1017 4850 pauperis
1032 4761 1119 4850 quod
1139 4761 1240 4826 voluit
1258 4761 1372 4840 subito,
1399 4784 1472 4826 eum
1494 4761 1538 4826 ibi
1560 4765 1648 4851 prius
1662 4785 1728 4828 uon
1742 4763 1848 4844 fuerit,

460 4877 686 4966 impetraverit.-

382 5025 434 5086 78.
457 5015 511 5080 De
528 5014 635 5079 Corvo
649 5011 705 5098 qui
719 5011 751 5076 iu
768 5008 877 5074 Insula
900 5007 1005 5074 Fame
1026 5027 1130 5072 ceram
1150 5027 1210 5092 pro
1232 5005 1316 5071 beati
1342 5005 1510 5072 Cuthberti
1533 5008 1661 5072 nomine
1676 5008 1782 5074 datam
1797 5032 1848 5075 ra·

462 5123 737 5214 pult-quomodo
764 5122 806 5188 ad
835 5121 934 5208 ipsius
959 5119 1096 5184 nominis
1121 5117 1351 5186 invocationem
1377 5121 1482 5185 statim
1516 5118 1680 5184 redeundo
1705 5121 1847 5208 praedam

462 5239 597 5306 AEilrico
612 5235 773 5302 heremitae
787 5231 905 5297 ibidem
920 5230 1094 5296 reddiderit
1107 5232 1166 5296 &c
1209 5252 1242 5316 p.
1261 5239 1333 5296 186.

382 5385 435 5450 79.
454 5374 627 5454 Quomodo
643 5372 682 5440 B.
700 5370 895 5438 Cuthbertus
915 5368 1073 5434 manicam
1094 5367 1229 5432 ferream
1250 5365 1291 5432 de
1310 5365 1441 5432 brachio
1458 5365 1632 5434 Penitentis
1646 5365 1846 5455 confregerit,

460 5501 493 5554 et
507 5487 641 5576 qualiter
655 5485 773 5572 ubique
787 5481 974 5548 circumiens
985 5502 1142 5568 nusquam
1152 5477 1307 5546 auxilium
1321 5479 1611 5566 invenirepotuerit
1624 5481 1682 5546 &e
1727 5503 1761 5566 p.
1776 5489 1849 5547 188.

384 5637 435 5695 aa
458 5625 513 5692 De
527 5623 596 5690 fure
611 5623 665 5710 qui
679 5633 772 5687 noete
788 5619 946 5708 (Hugone
960 5617 1172 5714 episcopante,
1188 5617 1385 5685 soleumitate
1398 5615 1540 5705 paschali
1554 5617 1704 5702 instante)
1724 5615 1849 5684 thecam

459 5737 633 5804 eburneam
647 5735 783 5820 desuper
797 5733 895 5798 altare
912 5731 951 5798 B.
968 5730 1138 5798 Cuthberti
1152 5729 1278 5796 sustulit
1303 5731 1362 5796 &a
1406 5751 1439 5815 p.
1458 5737 1531 5796 189.

380 5885 433 5943 81.
456 5875 510 5941 De
524 5872 735 5939 tintinnabulo
750 5872 783 5935 in
798 5867 964 5936 refectorio
980 5868 1013 5934 S.
1031 5865 1404 5955 Cuthberti—qnomodo
1426 5863 1505 5930 furis
1519 5885 1632 5931 manus
1651 5885 1776 5952 semper
1789 5887 1857 5946 su·¹

456 6007 515 6073 per
529 5985 609 6050 illud
618 5983 777 6062 inheserit,
787 6003 948 6070 nunquam
961 5991 1067 6045 tamen
1078 5979 1157 6044 illud
1168 5977 1407 6065 apprehendere
1415 5979 1564 6064 potierit,
1579 5977 1699 6066 etquid
1713 5976 1844 6064 mystice

459 6097 585 6188 signum
599 6095 678 6178 illud
694 6093 883 6186 figuraverit.
930 6091 1005 6160 Fuit
1018 6091 1069 6157 fur
1085 6091 1278 6172 Radbertus,
1294 6089 1378 6158 filius
1388 6087 1532 6160 Wlmcri
1548 6090 1653 6180 Coqui
1668 6089 1819 6158 Dunelm.

1013 6211 1034 6269 e
1058 6224 1083 6270 rs
