<?xml version="1.0" encoding="UTF-8"?>
<!DOCTYPE html PUBLIC "-//W3C//DTD XHTML 1.0 Transitional//EN"
    "http://www.w3.org/TR/xhtml1/DTD/xhtml1-transitional.dtd">
<html xmlns="http://www.w3.org/1999/xhtml" xml:lang="en" lang="en">
 <head>
  <title>
</title>
<meta http-equiv="Content-Type" content="text/html;charset=utf-8" />
  <meta name='ocr-system' content='tesseract 3.04.00' />
  <meta name='ocr-capabilities' content='ocr_page ocr_carea ocr_par ocr_line ocrx_word'/>
</head>
<body>
  <div class='ocr_page' id='page_1' title='image "./codicummanuscri00librgoog/codicummanuscri00librgoog_0049.png"; bbox 0 0 4630 7860; ppageno 0'>
   <div class='ocr_carea' id='block_1_1' title="bbox 835 1116 1329 1172">
    <p class='ocr_par' dir='ltr' id='par_1_1' title="bbox 835 1116 1329 1172">
     <span class='ocr_line' id='line_1_1' title="bbox 835 1116 1329 1172; baseline 0.002 -4"><span class='ocrx_word' id='word_1_1' title='bbox 835 1117 1024 1172; x_wconf 78' lang='lat' dir='ltr'>ECCLESIAE</span> <span class='ocrx_word' id='word_1_2' title='bbox 1051 1116 1329 1172; x_wconf 68' lang='lat' dir='ltr'>numentanus.</span> 
     </span>
    </p>
   </div>
   <div class='ocr_carea' id='block_1_2' title="bbox 41 1313 1826 1627">
    <p class='ocr_par' dir='ltr' id='par_1_2' title="bbox 41 1271 1826 1627">
     <span class='ocr_line' id='line_1_2' title="bbox 41 1313 1664 1408; baseline -0.003 -23"><span class='ocrx_word' id='word_1_3' title='bbox 41 1395 43 1408; x_wconf 38' lang='lat'>‚</span> <span class='ocrx_word' id='word_1_4' title='bbox 102 1313 151 1388; x_wconf 89' lang='lat' dir='ltr'>A.</span> <span class='ocrx_word' id='word_1_5' title='bbox 160 1313 243 1391; x_wconf 91' lang='grc' dir='ltr'><strong>ΠΙ.</strong></span> <span class='ocrx_word' id='word_1_6' title='bbox 257 1324 314 1394; x_wconf 78' lang='lat'>12.</span> <span class='ocrx_word' id='word_1_7' title='bbox 399 1315 542 1402; x_wconf 84' lang='lat' dir='ltr'><strong>Scriptus</strong></span> <span class='ocrx_word' id='word_1_8' title='bbox 557 1327 604 1381; x_wconf 87' lang='lat' dir='ltr'>est</span> <span class='ocrx_word' id='word_1_9' title='bbox 616 1315 669 1380; x_wconf 93' lang='lat' dir='ltr'>hic</span> <span class='ocrx_word' id='word_1_10' title='bbox 685 1317 796 1381; x_wconf 90' lang='lat' dir='ltr'>Sermo</span> <span class='ocrx_word' id='word_1_11' title='bbox 810 1317 900 1384; x_wconf 90' lang='lat' dir='ltr'>lineis</span> <span class='ocrx_word' id='word_1_12' title='bbox 915 1320 1092 1397; x_wconf 81' lang='lat' dir='ltr'>continuis3</span> <span class='ocrx_word' id='word_1_13' title='bbox 1107 1320 1204 1384; x_wconf 91' lang='lat' dir='ltr'>literis</span> <span class='ocrx_word' id='word_1_14' title='bbox 1218 1316 1390 1407; x_wconf 86' lang='lat' dir='ltr'>majoribus</span> <span class='ocrx_word' id='word_1_15' title='bbox 1404 1313 1499 1403; x_wconf 76' lang='lat' dir='ltr'>quim</span> <span class='ocrx_word' id='word_1_16' title='bbox 1513 1317 1664 1402; x_wconf 82' lang='lat' dir='ltr'>superior.</span> 
     </span>
     <span class='ocr_line' id='line_1_3' title="bbox 41 1411 1825 1526; baseline 0.001 -32"><span class='ocrx_word' id='word_1_17' title='bbox 41 1463 43 1526; x_wconf 27' lang='lat' dir='ltr'>p</span> <span class='ocrx_word' id='word_1_18' title='bbox 113 1411 240 1501; x_wconf 58' lang='grc'><strong>,111181</strong></span> <span class='ocrx_word' id='word_1_19' title='bbox 403 1431 584 1516; x_wconf 62' lang='lat' dir='ltr'>sequanas</span> <span class='ocrx_word' id='word_1_20' title='bbox 606 1427 696 1508; x_wconf 81' lang='lat' dir='ltr'>[auo</span> <span class='ocrx_word' id='word_1_21' title='bbox 712 1436 764 1494; x_wconf 75' lang='lat' dir='ltr'>aa.</span> <span class='ocrx_word' id='word_1_22' title='bbox 778 1429 827 1510; x_wconf 78' lang='lat' dir='ltr'>a]</span> <span class='ocrx_word' id='word_1_23' title='bbox 852 1432 1022 1497; x_wconf 62' lang='lat' dir='ltr'>ananau</span> <span class='ocrx_word' id='word_1_24' title='bbox 1036 1433 1155 1519; x_wconf 73' lang='lat' dir='ltr'>aequo:</span> <span class='ocrx_word' id='word_1_25' title='bbox 1169 1431 1187 1497; x_wconf 78' lang='lat' dir='ltr'>a</span> <span class='ocrx_word' id='word_1_26' title='bbox 1202 1430 1313 1496; x_wconf 74' lang='lat' dir='ltr'>arants</span> <span class='ocrx_word' id='word_1_27' title='bbox 1328 1429 1424 1494; x_wconf 73' lang='lat' dir='ltr'>sacris</span> <span class='ocrx_word' id='word_1_28' title='bbox 1439 1429 1509 1514; x_wconf 67' lang='lat' dir='ltr'>(ser</span> <span class='ocrx_word' id='word_1_29' title='bbox 1522 1429 1619 1508; x_wconf 78' lang='lat' dir='ltr'>nnio,</span> <span class='ocrx_word' id='word_1_30' title='bbox 1642 1441 1678 1493; x_wconf 74' lang='lat' dir='ltr'>ut</span> <span class='ocrx_word' id='word_1_31' title='bbox 1692 1429 1825 1509; x_wconf 72' lang='lat' dir='ltr'>aretur,</span> 
     </span>
     <span class='ocr_line' id='line_1_4' title="bbox 41 1540 1826 1627; baseline 0.001 -21"><span class='ocrx_word' id='word_1_32' title='bbox 41 1559 43 1574; x_wconf 77' lang='lat'>¹</span> <span class='ocrx_word' id='word_1_33' title='bbox 444 1542 569 1624; x_wconf 86' lang='lat' dir='ltr'>ordine)</span> <span class='ocrx_word' id='word_1_34' title='bbox 584 1552 758 1627; x_wconf 67' lang='lat' dir='ltr'>excerpta:</span> <span class='ocrx_word' id='word_1_35' title='bbox 782 1555 815 1606; x_wconf 93' lang='lat' dir='ltr'>et</span> <span class='ocrx_word' id='word_1_36' title='bbox 836 1541 972 1624; x_wconf 77' lang='grc'><strong>[10125.</strong></span> <span class='ocrx_word' id='word_1_37' title='bbox 988 1544 1037 1624; x_wconf 95' lang='lat' dir='ltr'>b.]</span> <span class='ocrx_word' id='word_1_38' title='bbox 1060 1544 1230 1610; x_wconf 74' lang='lat' dir='ltr'>Sententiae</span> <span class='ocrx_word' id='word_1_39' title='bbox 1252 1542 1322 1608; x_wconf 86' lang='lat' dir='ltr'>aliae</span> <span class='ocrx_word' id='word_1_40' title='bbox 1341 1565 1360 1607; x_wconf 93' lang='lat' dir='ltr'>e</span> <span class='ocrx_word' id='word_1_41' title='bbox 1376 1540 1533 1620; x_wconf 85' lang='lat' dir='ltr'>Patribus,</span> <span class='ocrx_word' id='word_1_42' title='bbox 1556 1554 1592 1608; x_wconf 93' lang='lat' dir='ltr'>ut</span> <span class='ocrx_word' id='word_1_43' title='bbox 1604 1541 1737 1620; x_wconf 85' lang='lat' dir='ltr'>videtur,</span> <span class='ocrx_word' id='word_1_44' title='bbox 1760 1542 1826 1608; x_wconf 92' lang='lat' dir='ltr'>col-</span> 
     </span>
    </p>
   </div>
   <div class='ocr_carea' id='block_1_3' title="bbox 328 1651 1124 1866">
    <p class='ocr_par' dir='ltr' id='par_1_3' title="bbox 328 1651 1124 1866">
     <span class='ocr_line' id='line_1_5' title="bbox 445 1651 544 1718; baseline 0.02 -2"><span class='ocrx_word' id='word_1_45' title='bbox 445 1651 544 1718; x_wconf 76' lang='lat' dir='ltr'>lectae.</span> 
     </span>
     <span class='ocr_line' id='line_1_6' title="bbox 328 1789 1124 1866; baseline 0.003 -11"><span class='ocrx_word' id='word_1_46' title='bbox 328 1797 376 1856; x_wconf 85' lang='lat'>12.</span> <span class='ocrx_word' id='word_1_47' title='bbox 402 1789 617 1866; x_wconf 77' lang='lat' dir='ltr'>Quaanauus</span> <span class='ocrx_word' id='word_1_48' title='bbox 634 1809 677 1853; x_wconf 84' lang='lat' dir='ltr'>nn</span> <span class='ocrx_word' id='word_1_49' title='bbox 694 1809 868 1856; x_wconf 83' lang='lat' dir='ltr'>n1v1s10un</span> <span class='ocrx_word' id='word_1_50' title='bbox 882 1797 930 1852; x_wconf 77' lang='grc' dir='ltr'>’νίῖ</span> <span class='ocrx_word' id='word_1_51' title='bbox 943 1812 1124 1857; x_wconf 81' lang='grc'><strong>11110101.</strong></span> 
     </span>
    </p>
   </div>
   <div class='ocr_carea' id='block_1_4' title="bbox 328 1923 917 1990">
    <p class='ocr_par' dir='ltr' id='par_1_4' title="bbox 328 1923 917 1990">
     <span class='ocr_line' id='line_1_7' title="bbox 328 1923 917 1990; baseline 0.005 -3"><span class='ocrx_word' id='word_1_52' title='bbox 328 1934 376 1990; x_wconf 85' lang='grc'>18.</span> <span class='ocrx_word' id='word_1_53' title='bbox 400 1923 481 1988; x_wconf 89' lang='lat' dir='ltr'>Duo</span> <span class='ocrx_word' id='word_1_54' title='bbox 498 1945 598 1989; x_wconf 78' lang='grc'><strong>10111</strong></span> <span class='ocrx_word' id='word_1_55' title='bbox 614 1945 657 1988; x_wconf 82' lang='lat' dir='ltr'>nn</span> <span class='ocrx_word' id='word_1_56' title='bbox 674 1923 917 1990; x_wconf 77' lang='lat' dir='ltr'>Noranrnmus.</span> 
     </span>
    </p>
   </div>
   <div class='ocr_carea' id='block_1_5' title="bbox 336 2034 1170 2122">
    <p class='ocr_par' dir='ltr' id='par_1_5' title="bbox 336 2034 1170 2122">
     <span class='ocr_line' id='line_1_8' title="bbox 336 2034 1170 2122; baseline 0 -2"><span class='ocrx_word' id='word_1_57' title='bbox 336 2065 386 2122; x_wconf 72' lang='lat'>14.</span> <span class='ocrx_word' id='word_1_58' title='bbox 413 2058 557 2122; x_wconf 79' lang='lat' dir='ltr'>CONTRA</span> <span class='ocrx_word' id='word_1_59' title='bbox 570 2034 709 2122; x_wconf 61' lang='lat' dir='ltr'>MONASl</span> <span class='ocrx_word' id='word_1_60' title='bbox 730 2036 954 2122; x_wconf 74' lang='lat' dir='ltr'>Pnorfflnuoitl</span> <span class='ocrx_word' id='word_1_61' title='bbox 975 2078 1075 2122; x_wconf 81' lang='lat' dir='ltr'><strong>FOLIA</strong></span> <span class='ocrx_word' id='word_1_62' title='bbox 1091 2077 1170 2122; x_wconf 84' lang='lat' dir='ltr'>DUO.</span> 
     </span>
    </p>
   </div>
   <div class='ocr_carea' id='block_1_6' title="bbox 406 2191 1832 3168">
    <p class='ocr_par' dir='ltr' id='par_1_6' title="bbox 406 2191 1832 2835">
     <span class='ocr_line' id='line_1_9' title="bbox 406 2191 1832 2280; baseline 0.001 -24"><span class='ocrx_word' id='word_1_63' title='bbox 406 2192 580 2269; x_wconf 85' lang='lat' dir='ltr'>Quaerendi</span> <span class='ocrx_word' id='word_1_64' title='bbox 601 2204 674 2256; x_wconf 91' lang='lat' dir='ltr'>sunt</span> <span class='ocrx_word' id='word_1_65' title='bbox 694 2192 726 2255; x_wconf 93' lang='lat' dir='ltr'>hi</span> <span class='ocrx_word' id='word_1_66' title='bbox 742 2205 891 2257; x_wconf 89' lang='lat' dir='ltr'>tractatus</span> <span class='ocrx_word' id='word_1_67' title='bbox 906 2192 939 2256; x_wconf 93' lang='lat' dir='ltr'>in</span> <span class='ocrx_word' id='word_1_68' title='bbox 962 2201 980 2256; x_wconf 86' lang='lat'><em>8</em></span> <span class='ocrx_word' id='word_1_69' title='bbox 996 2191 1087 2269; x_wconf 87' lang='lat' dir='ltr'>foliis,</span> <span class='ocrx_word' id='word_1_70' title='bbox 1112 2197 1147 2271; x_wconf 93' lang='lat' dir='ltr'>[a</span> <span class='ocrx_word' id='word_1_71' title='bbox 1162 2200 1203 2256; x_wconf 89' lang='grc'>30</span> <span class='ocrx_word' id='word_1_72' title='bbox 1214 2191 1256 2254; x_wconf 90' lang='lat' dir='ltr'>ad</span> <span class='ocrx_word' id='word_1_73' title='bbox 1272 2197 1330 2272; x_wconf 83' lang='lat'>88]</span> <span class='ocrx_word' id='word_1_74' title='bbox 1352 2214 1423 2278; x_wconf 83' lang='lat' dir='ltr'>quoe</span> <span class='ocrx_word' id='word_1_75' title='bbox 1437 2192 1569 2258; x_wconf 83' lang='lat' dir='ltr'>diversae</span> <span class='ocrx_word' id='word_1_76' title='bbox 1584 2205 1689 2258; x_wconf 89' lang='lat' dir='ltr'>sunta</span> <span class='ocrx_word' id='word_1_77' title='bbox 1703 2194 1832 2280; x_wconf 92' lang='lat' dir='ltr'>reliquo</span> 
     </span>
     <span class='ocr_line' id='line_1_10' title="bbox 448 2304 1830 2392; baseline 0.002 -22"><span class='ocrx_word' id='word_1_78' title='bbox 448 2306 529 2372; x_wconf 90' lang='lat' dir='ltr'>libro</span> <span class='ocrx_word' id='word_1_79' title='bbox 544 2307 716 2392; x_wconf 75' lang='lat' dir='ltr'>scripturae,</span> <span class='ocrx_word' id='word_1_80' title='bbox 733 2305 789 2370; x_wconf 91' lang='lat' dir='ltr'>sed</span> <span class='ocrx_word' id='word_1_81' title='bbox 803 2305 922 2369; x_wconf 90' lang='lat' dir='ltr'>nullam</span> <span class='ocrx_word' id='word_1_82' title='bbox 936 2304 1054 2370; x_wconf 86' lang='lat' dir='ltr'>habent</span> <span class='ocrx_word' id='word_1_83' title='bbox 1068 2315 1255 2370; x_wconf 73' lang='lat' dir='ltr'>tractatuum</span> <span class='ocrx_word' id='word_1_84' title='bbox 1270 2305 1516 2371; x_wconf 75' lang='lat' dir='ltr'><strong>distinctionem:</strong></span> <span class='ocrx_word' id='word_1_85' title='bbox 1532 2319 1564 2372; x_wconf 90' lang='lat' dir='ltr'>ct</span> <span class='ocrx_word' id='word_1_86' title='bbox 1578 2329 1652 2372; x_wconf 89' lang='lat' dir='ltr'>sanc</span> <span class='ocrx_word' id='word_1_87' title='bbox 1666 2307 1830 2392; x_wconf 82' lang='lat' dir='ltr'>imperiec-</span> 
     </span>
     <span class='ocr_line' id='line_1_11' title="bbox 450 2414 1829 2504; baseline -0.002 -21"><span class='ocrx_word' id='word_1_88' title='bbox 450 2429 482 2484; x_wconf 84' lang='lat' dir='ltr'>ta</span> <span class='ocrx_word' id='word_1_89' title='bbox 496 2432 569 2482; x_wconf 91' lang='lat' dir='ltr'>sunt</span> <span class='ocrx_word' id='word_1_90' title='bbox 583 2417 615 2480; x_wconf 92' lang='lat' dir='ltr'>in</span> <span class='ocrx_word' id='word_1_91' title='bbox 637 2417 710 2494; x_wconf 86' lang='lat' dir='ltr'>fine,</span> <span class='ocrx_word' id='word_1_92' title='bbox 735 2429 767 2480; x_wconf 90' lang='lat' dir='ltr'>et</span> <span class='ocrx_word' id='word_1_93' title='bbox 787 2415 917 2480; x_wconf 88' lang='lat' dir='ltr'>fortasse</span> <span class='ocrx_word' id='word_1_94' title='bbox 932 2414 1025 2478; x_wconf 88' lang='lat' dir='ltr'>etiam</span> <span class='ocrx_word' id='word_1_95' title='bbox 1047 2415 1080 2476; x_wconf 94' lang='lat' dir='ltr'>in</span> <span class='ocrx_word' id='word_1_96' title='bbox 1101 2415 1199 2478; x_wconf 88' lang='lat' dir='ltr'>initio.</span> <span class='ocrx_word' id='word_1_97' title='bbox 1246 2415 1328 2479; x_wconf 88' lang='lat' dir='ltr'>Cum</span> <span class='ocrx_word' id='word_1_98' title='bbox 1353 2417 1433 2480; x_wconf 92' lang='lat' dir='ltr'>nulli</span> <span class='ocrx_word' id='word_1_99' title='bbox 1455 2430 1558 2482; x_wconf 87' lang='lat' dir='ltr'>essent</span> <span class='ocrx_word' id='word_1_100' title='bbox 1574 2419 1721 2504; x_wconf 88' lang='lat' dir='ltr'>Capitum</span> <span class='ocrx_word' id='word_1_101' title='bbox 1736 2417 1829 2496; x_wconf 88' lang='lat' dir='ltr'>tituli,</span> 
     </span>
     <span class='ocr_line' id='line_1_12' title="bbox 449 2507 1830 2614; baseline 0.001 -23"><span class='ocrx_word' id='word_1_102' title='bbox 449 2551 577 2592; x_wconf 89' lang='lat' dir='ltr'>necesse</span> <span class='ocrx_word' id='word_1_103' title='bbox 591 2527 651 2590; x_wconf 85' lang='lat' dir='ltr'>fuit</span> <span class='ocrx_word' id='word_1_104' title='bbox 664 2538 829 2590; x_wconf 87' lang='lat' dir='ltr'>tractatum</span> <span class='ocrx_word' id='word_1_105' title='bbox 843 2507 944 2590; x_wconf 82' lang='lat' dir='ltr'>totum</span> <span class='ocrx_word' id='word_1_106' title='bbox 961 2548 1154 2611; x_wconf 75' lang='lat' dir='ltr'>percantare.</span> <span class='ocrx_word' id='word_1_107' title='bbox 1200 2525 1289 2590; x_wconf 93' lang='lat' dir='ltr'>Nihil</span> <span class='ocrx_word' id='word_1_108' title='bbox 1303 2539 1407 2592; x_wconf 87' lang='lat' dir='ltr'>autem</span> <span class='ocrx_word' id='word_1_109' title='bbox 1420 2529 1524 2592; x_wconf 87' lang='lat' dir='ltr'>inveni</span> <span class='ocrx_word' id='word_1_110' title='bbox 1539 2529 1579 2592; x_wconf 91' lang='lat' dir='ltr'>de</span> <span class='ocrx_word' id='word_1_111' title='bbox 1594 2529 1745 2594; x_wconf 88' lang='lat' dir='ltr'>divisione</span> <span class='ocrx_word' id='word_1_112' title='bbox 1759 2551 1830 2614; x_wconf 93' lang='lat' dir='ltr'>sep-</span> 
     </span>
     <span class='ocr_line' id='line_1_13' title="bbox 452 2635 1830 2722; baseline -0.001 -18"><span class='ocrx_word' id='word_1_113' title='bbox 452 2653 516 2704; x_wconf 87' lang='lat' dir='ltr'>tem</span> <span class='ocrx_word' id='word_1_114' title='bbox 531 2639 677 2702; x_wconf 88' lang='lat' dir='ltr'>vitiorum</span> <span class='ocrx_word' id='word_1_115' title='bbox 685 2662 694 2714; x_wconf 93' lang='lat'>;</span> <span class='ocrx_word' id='word_1_116' title='bbox 710 2649 773 2714; x_wconf 91' lang='lat' dir='ltr'>aut,</span> <span class='ocrx_word' id='word_1_117' title='bbox 790 2647 899 2702; x_wconf 88' lang='lat' dir='ltr'>eontra</span> <span class='ocrx_word' id='word_1_118' title='bbox 915 2635 1111 2702; x_wconf 80' lang='lat' dir='ltr'>Monachum</span> <span class='ocrx_word' id='word_1_119' title='bbox 1125 2638 1382 2722; x_wconf 86' lang='lat' dir='ltr'>proprietarium:</span> <span class='ocrx_word' id='word_1_120' title='bbox 1405 2639 1485 2704; x_wconf 83' lang='lat' dir='ltr'>adeo</span> <span class='ocrx_word' id='word_1_121' title='bbox 1500 2652 1536 2704; x_wconf 91' lang='lat' dir='ltr'>ut</span> <span class='ocrx_word' id='word_1_122' title='bbox 1550 2651 1635 2704; x_wconf 93' lang='lat' dir='ltr'>totus</span> <span class='ocrx_word' id='word_1_123' title='bbox 1650 2639 1830 2704; x_wconf 88' lang='lat' dir='ltr'>referendus</span> 
     </span>
     <span class='ocr_line' id='line_1_14' title="bbox 453 2747 1783 2835; baseline 0.001 -20"><span class='ocrx_word' id='word_1_124' title='bbox 453 2752 494 2815; x_wconf 91' lang='lat' dir='ltr'>sit</span> <span class='ocrx_word' id='word_1_125' title='bbox 508 2751 548 2815; x_wconf 92' lang='lat' dir='ltr'>ad</span> <span class='ocrx_word' id='word_1_126' title='bbox 565 2750 743 2826; x_wconf 87' lang='lat' dir='ltr'>Notabilia;</span> <span class='ocrx_word' id='word_1_127' title='bbox 758 2771 829 2835; x_wconf 86' lang='lat' dir='ltr'>quae</span> <span class='ocrx_word' id='word_1_128' title='bbox 844 2763 948 2813; x_wconf 89' lang='lat' dir='ltr'>tamen</span> <span class='ocrx_word' id='word_1_129' title='bbox 964 2749 1094 2833; x_wconf 91' lang='lat' dir='ltr'>implent</span> <span class='ocrx_word' id='word_1_130' title='bbox 1108 2747 1191 2828; x_wconf 82' lang='lat' dir='ltr'>folia,</span> <span class='ocrx_word' id='word_1_131' title='bbox 1207 2772 1272 2814; x_wconf 90' lang='lat' dir='ltr'>non</span> <span class='ocrx_word' id='word_1_132' title='bbox 1288 2759 1318 2827; x_wconf 87' lang='lat'>2,</span> <span class='ocrx_word' id='word_1_133' title='bbox 1335 2754 1384 2834; x_wconf 91' lang='lat' dir='ltr'>(ut</span> <span class='ocrx_word' id='word_1_134' title='bbox 1398 2763 1445 2815; x_wconf 85' lang='lat' dir='ltr'>est</span> <span class='ocrx_word' id='word_1_135' title='bbox 1459 2753 1492 2814; x_wconf 94' lang='lat' dir='ltr'>in</span> <span class='ocrx_word' id='word_1_136' title='bbox 1508 2752 1666 2833; x_wconf 88' lang='lat' dir='ltr'>indiculo)</span> <span class='ocrx_word' id='word_1_137' title='bbox 1683 2751 1739 2816; x_wconf 87' lang='lat' dir='ltr'>sed</span> <span class='ocrx_word' id='word_1_138' title='bbox 1754 2763 1783 2818; x_wconf 83' lang='lat'>8.</span> 
     </span>
    </p>

    <p class='ocr_par' dir='ltr' id='par_1_7' title="bbox 411 2859 1831 3058">
     <span class='ocr_line' id='line_1_15' title="bbox 411 2859 1831 2946; baseline -0.001 -19"><span class='ocrx_word' id='word_1_139' title='bbox 411 2863 493 2927; x_wconf 89' lang='lat' dir='ltr'>Sunt</span> <span class='ocrx_word' id='word_1_140' title='bbox 508 2862 706 2937; x_wconf 82' lang='lat' dir='ltr'>Quaestiones</span> <span class='ocrx_word' id='word_1_141' title='bbox 728 2859 873 2946; x_wconf 74' lang='lat' dir='ltr'>quaedam</span> <span class='ocrx_word' id='word_1_142' title='bbox 896 2859 1099 2946; x_wconf 86' lang='lat' dir='ltr'>Theologicae</span> <span class='ocrx_word' id='word_1_143' title='bbox 1124 2859 1343 2924; x_wconf 89' lang='lat' dir='ltr'>scholasastico</span> <span class='ocrx_word' id='word_1_144' title='bbox 1365 2884 1451 2926; x_wconf 90' lang='lat' dir='ltr'>more</span> <span class='ocrx_word' id='word_1_145' title='bbox 1462 2887 1471 2938; x_wconf 92' lang='lat'>;</span> <span class='ocrx_word' id='word_1_146' title='bbox 1495 2864 1514 2926; x_wconf 93' lang='lat' dir='ltr'>i.</span> <span class='ocrx_word' id='word_1_147' title='bbox 1527 2886 1554 2926; x_wconf 92' lang='lat' dir='ltr'>e.</span> <span class='ocrx_word' id='word_1_148' title='bbox 1571 2864 1646 2928; x_wconf 90' lang='lat' dir='ltr'>satis</span> <span class='ocrx_word' id='word_1_149' title='bbox 1667 2863 1831 2942; x_wconf 84' lang='lat' dir='ltr'>subtiliter,</span> 
     </span>
     <span class='ocr_line' id='line_1_16' title="bbox 453 2971 1584 3058; baseline 0.001 -23"><span class='ocrx_word' id='word_1_150' title='bbox 453 2971 628 3058; x_wconf 79' lang='lat' dir='ltr'>disputatae.</span> <span class='ocrx_word' id='word_1_151' title='bbox 674 2972 871 3058; x_wconf 83' lang='lat' dir='ltr'>Argumenta</span> <span class='ocrx_word' id='word_1_152' title='bbox 885 2971 1015 3056; x_wconf 88' lang='lat' dir='ltr'>singulis</span> <span class='ocrx_word' id='word_1_153' title='bbox 1030 2971 1182 3054; x_wconf 86' lang='lat' dir='ltr'>capitibus</span> <span class='ocrx_word' id='word_1_154' title='bbox 1198 2973 1230 3032; x_wconf 92' lang='lat' dir='ltr'>in</span> <span class='ocrx_word' id='word_1_155' title='bbox 1245 2971 1327 3034; x_wconf 92' lang='lat' dir='ltr'>libro</span> <span class='ocrx_word' id='word_1_156' title='bbox 1340 2972 1410 3055; x_wconf 92' lang='lat' dir='ltr'>ipso</span> <span class='ocrx_word' id='word_1_157' title='bbox 1424 2972 1584 3057; x_wconf 87' lang='lat' dir='ltr'>adscripsi.</span> 
     </span>
    </p>

    <p class='ocr_par' dir='ltr' id='par_1_8' title="bbox 412 3078 1707 3168">
     <span class='ocr_line' id='line_1_17' title="bbox 412 3078 1707 3168; baseline -0.002 -20"><span class='ocrx_word' id='word_1_158' title='bbox 412 3083 464 3148; x_wconf 90' lang='lat' dir='ltr'>Sic</span> <span class='ocrx_word' id='word_1_159' title='bbox 479 3083 604 3168; x_wconf 88' lang='lat' dir='ltr'>incipit:</span> <span class='ocrx_word' id='word_1_160' title='bbox 630 3080 808 3146; x_wconf 87' lang='lat' dir='ltr'>“Christus</span> <span class='ocrx_word' id='word_1_161' title='bbox 823 3080 933 3166; x_wconf 88' lang='lat' dir='ltr'>majori</span> <span class='ocrx_word' id='word_1_162' title='bbox 947 3093 1035 3143; x_wconf 90' lang='lat' dir='ltr'>motu</span> <span class='ocrx_word' id='word_1_163' title='bbox 1050 3078 1207 3142; x_wconf 89' lang='lat' dir='ltr'>charitatis</span> <span class='ocrx_word' id='word_1_164' title='bbox 1222 3079 1332 3144; x_wconf 86' lang='lat' dir='ltr'>dilexit</span> <span class='ocrx_word' id='word_1_165' title='bbox 1345 3093 1477 3146; x_wconf 89' lang='lat' dir='ltr'>matrem</span> <span class='ocrx_word' id='word_1_166' title='bbox 1492 3105 1586 3168; x_wconf 90' lang='lat' dir='ltr'>quam</span> <span class='ocrx_word' id='word_1_167' title='bbox 1601 3083 1707 3147; x_wconf 90' lang='lat' dir='ltr'>alios.&#39;&#39;</span> 
     </span>
    </p>
   </div>
   <div class='ocr_carea' id='block_1_7' title="bbox 337 3215 1838 5862">
    <p class='ocr_par' dir='ltr' id='par_1_9' title="bbox 337 3215 1252 3294">
     <span class='ocr_line' id='line_1_18' title="bbox 337 3215 1252 3294; baseline -0.003 -11"><span class='ocrx_word' id='word_1_168' title='bbox 337 3227 386 3284; x_wconf 85' lang='lat'>15.</span> <span class='ocrx_word' id='word_1_169' title='bbox 410 3217 556 3294; x_wconf 81' lang='lat' dir='ltr'>Qummr</span> <span class='ocrx_word' id='word_1_170' title='bbox 573 3219 757 3283; x_wconf 80' lang='lat' dir='ltr'>Sannouns</span> <span class='ocrx_word' id='word_1_171' title='bbox 772 3237 815 3280; x_wconf 84' lang='grc'>11</span> <span class='ocrx_word' id='word_1_172' title='bbox 831 3215 1034 3280; x_wconf 75' lang='lat' dir='ltr'>Nomium.</span> <span class='ocrx_word' id='word_1_173' title='bbox 1094 3215 1184 3279; x_wconf 88' lang='lat' dir='ltr'>Folio</span> <span class='ocrx_word' id='word_1_174' title='bbox 1201 3225 1252 3280; x_wconf 83' lang='lat'>88.</span> 
     </span>
    </p>

    <p class='ocr_par' dir='ltr' id='par_1_10' title="bbox 414 3326 1775 3417">
     <span class='ocr_line' id='line_1_19' title="bbox 414 3326 1775 3417; baseline -0.001 -22"><span class='ocrx_word' id='word_1_175' title='bbox 414 3331 579 3396; x_wconf 81' lang='lat' dir='ltr'>Sermones</span> <span class='ocrx_word' id='word_1_176' title='bbox 590 3330 747 3417; x_wconf 88' lang='lat' dir='ltr'>longiores</span> <span class='ocrx_word' id='word_1_177' title='bbox 762 3328 919 3394; x_wconf 90' lang='lat' dir='ltr'>discursus</span> <span class='ocrx_word' id='word_1_178' title='bbox 935 3328 1053 3392; x_wconf 92' lang='lat' dir='ltr'>suntin</span> <span class='ocrx_word' id='word_1_179' title='bbox 1068 3326 1186 3413; x_wconf 83' lang='lat' dir='ltr'>aliquot</span> <span class='ocrx_word' id='word_1_180' title='bbox 1199 3327 1269 3392; x_wconf 90' lang='lat' dir='ltr'>ioca</span> <span class='ocrx_word' id='word_1_181' title='bbox 1285 3328 1456 3414; x_wconf 86' lang='lat' dir='ltr'>Scripturae</span> <span class='ocrx_word' id='word_1_182' title='bbox 1473 3329 1587 3394; x_wconf 89' lang='lat' dir='ltr'>Sacra:</span> <span class='ocrx_word' id='word_1_183' title='bbox 1611 3329 1728 3396; x_wconf 89' lang='lat' dir='ltr'>scilicet</span> <span class='ocrx_word' id='word_1_184' title='bbox 1740 3329 1775 3394; x_wconf 91' lang='lat' dir='ltr'>in</span> 
     </span>
    </p>

    <p class='ocr_par' dir='ltr' id='par_1_11' title="bbox 411 3439 1029 3506">
     <span class='ocr_line' id='line_1_20' title="bbox 411 3439 1029 3506; baseline -0.003 0"><span class='ocrx_word' id='word_1_185' title='bbox 411 3440 483 3506; x_wconf 89' lang='lat' dir='ltr'>Joel</span> <span class='ocrx_word' id='word_1_186' title='bbox 499 3449 527 3506; x_wconf 88' lang='lat'>2.</span> <span class='ocrx_word' id='word_1_187' title='bbox 547 3449 596 3506; x_wconf 96' lang='lat'>12.</span> <span class='ocrx_word' id='word_1_188' title='bbox 621 3450 643 3481; x_wconf 88' lang='lat'>“</span> <span class='ocrx_word' id='word_1_189' title='bbox 653 3439 880 3505; x_wconf 78' lang='lat' dir='ltr'>convertimini</span> <span class='ocrx_word' id='word_1_190' title='bbox 895 3439 935 3504; x_wconf 85' lang='lat' dir='ltr'>ad</span> <span class='ocrx_word' id='word_1_191' title='bbox 949 3440 1029 3504; x_wconf 88' lang='lat' dir='ltr'>me.&#39;&#39;</span> 
     </span>
    </p>

    <p class='ocr_par' dir='ltr' id='par_1_12' title="bbox 415 3548 1285 3636">
     <span class='ocr_line' id='line_1_21' title="bbox 415 3548 1285 3636; baseline -0.005 -20"><span class='ocrx_word' id='word_1_192' title='bbox 415 3551 467 3616; x_wconf 90' lang='lat' dir='ltr'>Sic</span> <span class='ocrx_word' id='word_1_193' title='bbox 482 3551 609 3636; x_wconf 85' lang='lat' dir='ltr'>incipit:</span> <span class='ocrx_word' id='word_1_194' title='bbox 635 3551 773 3615; x_wconf 89' lang='lat' dir='ltr'>“Omne</span> <span class='ocrx_word' id='word_1_195' title='bbox 788 3550 870 3614; x_wconf 88' lang='lat' dir='ltr'>enim</span> <span class='ocrx_word' id='word_1_196' title='bbox 884 3561 1048 3634; x_wconf 87' lang='lat' dir='ltr'>peccatum</span> <span class='ocrx_word' id='word_1_197' title='bbox 1062 3548 1285 3613; x_wconf 70' lang='lat' dir='ltr'>reducitur’-</span> 
     </span>
    </p>

    <p class='ocr_par' dir='ltr' id='par_1_13' title="bbox 412 3661 1102 3731">
     <span class='ocr_line' id='line_1_22' title="bbox 412 3661 1102 3731; baseline -0.003 -5"><span class='ocrx_word' id='word_1_198' title='bbox 412 3661 485 3726; x_wconf 90' lang='lat' dir='ltr'>Job.</span> <span class='ocrx_word' id='word_1_199' title='bbox 502 3671 531 3731; x_wconf 89' lang='lat'>7.</span> <span class='ocrx_word' id='word_1_200' title='bbox 551 3672 577 3727; x_wconf 92' lang='lat'>1.</span> <span class='ocrx_word' id='word_1_201' title='bbox 602 3661 751 3726; x_wconf 89' lang='lat' dir='ltr'>“Militia</span> <span class='ocrx_word' id='word_1_202' title='bbox 765 3673 812 3726; x_wconf 89' lang='lat' dir='ltr'>est</span> <span class='ocrx_word' id='word_1_203' title='bbox 826 3661 889 3726; x_wconf 88' lang='lat' dir='ltr'>vite</span> <span class='ocrx_word' id='word_1_204' title='bbox 903 3661 1102 3726; x_wconf 88' lang='lat' dir='ltr'>hominis”—</span> 
     </span>
    </p>

    <p class='ocr_par' dir='ltr' id='par_1_14' title="bbox 417 3773 1530 3864">
     <span class='ocr_line' id='line_1_23' title="bbox 417 3773 1530 3864; baseline 0.002 -26"><span class='ocrx_word' id='word_1_205' title='bbox 417 3773 469 3838; x_wconf 94' lang='lat' dir='ltr'>Sic</span> <span class='ocrx_word' id='word_1_206' title='bbox 484 3775 610 3862; x_wconf 89' lang='lat' dir='ltr'>incipit:</span> <span class='ocrx_word' id='word_1_207' title='bbox 636 3774 764 3840; x_wconf 88' lang='lat' dir='ltr'>“Miles</span> <span class='ocrx_word' id='word_1_208' title='bbox 779 3774 860 3838; x_wconf 90' lang='lat' dir='ltr'>dura</span> <span class='ocrx_word' id='word_1_209' title='bbox 874 3775 1014 3852; x_wconf 87' lang='lat' dir='ltr'>sustinet,</span> <span class='ocrx_word' id='word_1_210' title='bbox 1031 3785 1063 3838; x_wconf 89' lang='lat' dir='ltr'>et</span> <span class='ocrx_word' id='word_1_211' title='bbox 1077 3785 1181 3854; x_wconf 87' lang='lat' dir='ltr'>tamen</span> <span class='ocrx_word' id='word_1_212' title='bbox 1196 3773 1236 3838; x_wconf 90' lang='lat' dir='ltr'>de</span> <span class='ocrx_word' id='word_1_213' title='bbox 1251 3773 1337 3840; x_wconf 72' lang='lat' dir='ltr'>dans</span> <span class='ocrx_word' id='word_1_214' title='bbox 1351 3775 1530 3864; x_wconf 88' lang='lat' dir='ltr'>gaudet&#39;&#39;-</span> 
     </span>
    </p>

    <p class='ocr_par' dir='ltr' id='par_1_15' title="bbox 419 3885 1252 3972">
     <span class='ocr_line' id='line_1_24' title="bbox 419 3885 1252 3972; baseline 0 -24"><span class='ocrx_word' id='word_1_215' title='bbox 419 3893 433 3948; x_wconf 91' lang='grc'>1</span> <span class='ocrx_word' id='word_1_216' title='bbox 453 3887 593 3952; x_wconf 89' lang='lat' dir='ltr'>Timoth.</span> <span class='ocrx_word' id='word_1_217' title='bbox 610 3895 706 3952; x_wconf 83' lang='grc'><strong>412.</strong></span> <span class='ocrx_word' id='word_1_218' title='bbox 731 3885 953 3972; x_wconf 88' lang='lat' dir='ltr'>“Exemplum</span> <span class='ocrx_word' id='word_1_219' title='bbox 967 3898 1034 3950; x_wconf 89' lang='lat' dir='ltr'>esto</span> <span class='ocrx_word' id='word_1_220' title='bbox 1048 3885 1252 3950; x_wconf 85' lang='lat' dir='ltr'>fidelium&#39;&#39;-</span> 
     </span>
    </p>

    <p class='ocr_par' dir='ltr' id='par_1_16' title="bbox 417 3995 1282 4084">
     <span class='ocr_line' id='line_1_25' title="bbox 417 3995 1282 4084; baseline -0.002 -22"><span class='ocrx_word' id='word_1_221' title='bbox 417 3997 470 4062; x_wconf 87' lang='lat' dir='ltr'>Sic</span> <span class='ocrx_word' id='word_1_222' title='bbox 485 3999 610 4084; x_wconf 90' lang='lat' dir='ltr'>incipit:</span> <span class='ocrx_word' id='word_1_223' title='bbox 635 3995 839 4081; x_wconf 85' lang='lat' dir='ltr'>“Apostolus</span> <span class='ocrx_word' id='word_1_224' title='bbox 854 3997 964 4060; x_wconf 84' lang='lat' dir='ltr'>doctor</span> <span class='ocrx_word' id='word_1_225' title='bbox 979 3995 1282 4060; x_wconf 87' lang='lat' dir='ltr'>sollicitudinem&#39;&#39;—</span> 
     </span>
    </p>

    <p class='ocr_par' dir='ltr' id='par_1_17' title="bbox 424 4105 1015 4194">
     <span class='ocr_line' id='line_1_26' title="bbox 424 4105 1015 4194; baseline 0 -24"><span class='ocrx_word' id='word_1_226' title='bbox 424 4105 551 4194; x_wconf 87' lang='lat' dir='ltr'>Reliqui</span> <span class='ocrx_word' id='word_1_227' title='bbox 566 4132 605 4173; x_wconf 83' lang='lat' dir='ltr'>ex</span> <span class='ocrx_word' id='word_1_228' title='bbox 620 4109 689 4194; x_wconf 91' lang='lat' dir='ltr'>ipso</span> <span class='ocrx_word' id='word_1_229' title='bbox 703 4107 784 4170; x_wconf 93' lang='lat' dir='ltr'>libro</span> <span class='ocrx_word' id='word_1_230' title='bbox 798 4107 861 4191; x_wconf 90' lang='lat' dir='ltr'>peti</span> <span class='ocrx_word' id='word_1_231' title='bbox 876 4119 1015 4191; x_wconf 88' lang='lat' dir='ltr'>possunt.</span> 
     </span>
    </p>

    <p class='ocr_par' dir='ltr' id='par_1_18' title="bbox 417 4216 1835 4422">
     <span class='ocr_line' id='line_1_27' title="bbox 417 4216 1835 4304; baseline 0.001 -16"><span class='ocrx_word' id='word_1_232' title='bbox 417 4221 577 4288; x_wconf 76' lang='lat' dir='ltr'>Notabilis</span> <span class='ocrx_word' id='word_1_233' title='bbox 601 4231 674 4283; x_wconf 89' lang='lat' dir='ltr'>sunt</span> <span class='ocrx_word' id='word_1_234' title='bbox 694 4218 852 4282; x_wconf 88' lang='lat' dir='ltr'>breviores</span> <span class='ocrx_word' id='word_1_235' title='bbox 875 4217 1117 4283; x_wconf 86' lang='lat' dir='ltr'>Observationes</span> <span class='ocrx_word' id='word_1_236' title='bbox 1139 4217 1172 4280; x_wconf 95' lang='lat' dir='ltr'>in</span> <span class='ocrx_word' id='word_1_237' title='bbox 1186 4216 1257 4281; x_wconf 88' lang='lat' dir='ltr'>loca</span> <span class='ocrx_word' id='word_1_238' title='bbox 1277 4218 1421 4304; x_wconf 85' lang='lat' dir='ltr'>quaedam</span> <span class='ocrx_word' id='word_1_239' title='bbox 1438 4219 1495 4286; x_wconf 90' lang='lat' dir='ltr'>SS.</span> <span class='ocrx_word' id='word_1_240' title='bbox 1522 4221 1724 4288; x_wconf 86' lang='lat' dir='ltr'>Sermonibus</span> <span class='ocrx_word' id='word_1_241' title='bbox 1738 4223 1835 4290; x_wconf 85' lang='lat' dir='ltr'>inter·</span> 
     </span>
     <span class='ocr_line' id='line_1_28' title="bbox 459 4334 1007 4422; baseline -0.007 -25"><span class='ocrx_word' id='word_1_242' title='bbox 459 4334 577 4398; x_wconf 81' lang='lat' dir='ltr'>mixtae.</span> <span class='ocrx_word' id='word_1_243' title='bbox 1005 4419 1007 4422; x_wconf 22' lang='grc' dir='ltr'>Ι</span> 
     </span>
    </p>

    <p class='ocr_par' dir='ltr' id='par_1_19' title="bbox 416 4437 1318 4518">
     <span class='ocr_line' id='line_1_29' title="bbox 416 4437 1318 4518; baseline -0.008 -7"><span class='ocrx_word' id='word_1_244' title='bbox 416 4446 532 4512; x_wconf 87' lang='lat' dir='ltr'>Literae</span> <span class='ocrx_word' id='word_1_245' title='bbox 547 4441 676 4506; x_wconf 82' lang='lat' dir='ltr'>minutae</span> <span class='ocrx_word' id='word_1_246' title='bbox 691 4452 773 4518; x_wconf 87' lang='lat' dir='ltr'>sunt,</span> <span class='ocrx_word' id='word_1_247' title='bbox 790 4439 845 4504; x_wconf 90' lang='lat' dir='ltr'>sed</span> <span class='ocrx_word' id='word_1_248' title='bbox 859 4438 1013 4504; x_wconf 72' lang='lat' dir='ltr'>distinctae</span> <span class='ocrx_word' id='word_1_249' title='bbox 1027 4453 1059 4504; x_wconf 88' lang='lat' dir='ltr'>et</span> <span class='ocrx_word' id='word_1_250' title='bbox 1072 4439 1153 4504; x_wconf 89' lang='lat' dir='ltr'>bene</span> <span class='ocrx_word' id='word_1_251' title='bbox 1167 4437 1318 4506; x_wconf 75' lang='lat' dir='ltr'>formatae.</span> 
     </span>
    </p>

    <p class='ocr_par' dir='ltr' id='par_1_20' title="bbox 342 4550 1790 4635">
     <span class='ocr_line' id='line_1_30' title="bbox 342 4550 1790 4635; baseline -0.002 -12"><span class='ocrx_word' id='word_1_252' title='bbox 342 4569 389 4626; x_wconf 88' lang='lat'>16.</span> <span class='ocrx_word' id='word_1_253' title='bbox 414 4559 598 4624; x_wconf 81' lang='lat' dir='ltr'>Snauouns</span> <span class='ocrx_word' id='word_1_254' title='bbox 613 4574 674 4635; x_wconf 71' lang='grc'>001</span> <span class='ocrx_word' id='word_1_255' title='bbox 691 4570 887 4616; x_wconf 82' lang='grc'><strong>001111111</strong></span> <span class='ocrx_word' id='word_1_256' title='bbox 902 4569 1016 4614; x_wconf 83' lang='lat' dir='ltr'>nncnu</span> <span class='ocrx_word' id='word_1_257' title='bbox 1032 4569 1251 4632; x_wconf 71' lang='lat' dir='ltr'>pascuarios:</span> <span class='ocrx_word' id='word_1_258' title='bbox 1274 4550 1334 4616; x_wconf 90' lang='lat' dir='ltr'>i.e.</span> <span class='ocrx_word' id='word_1_259' title='bbox 1349 4550 1489 4618; x_wconf 71' lang='lat' dir='ltr'>foliato.</span> <span class='ocrx_word' id='word_1_260' title='bbox 1505 4552 1666 4620; x_wconf 75' lang='grc'><strong>01011048</strong></span> <span class='ocrx_word' id='word_1_261' title='bbox 1682 4556 1723 4620; x_wconf 88' lang='lat' dir='ltr'>ad</span> <span class='ocrx_word' id='word_1_262' title='bbox 1739 4566 1790 4622; x_wconf 88' lang='lat'>88.</span> 
     </span>
    </p>

    <p class='ocr_par' dir='ltr' id='par_1_21' title="bbox 418 4659 1838 4955">
     <span class='ocr_line' id='line_1_31' title="bbox 418 4659 1838 4752; baseline 0.004 -23"><span class='ocrx_word' id='word_1_263' title='bbox 418 4667 532 4752; x_wconf 85' lang='lat' dir='ltr'>Scripti</span> <span class='ocrx_word' id='word_1_264' title='bbox 546 4675 620 4728; x_wconf 91' lang='lat' dir='ltr'>sunt</span> <span class='ocrx_word' id='word_1_265' title='bbox 640 4663 681 4727; x_wconf 88' lang='lat' dir='ltr'>ab</span> <span class='ocrx_word' id='word_1_266' title='bbox 703 4661 812 4728; x_wconf 75' lang='lat' dir='ltr'>eidem</span> <span class='ocrx_word' id='word_1_267' title='bbox 835 4681 932 4724; x_wconf 87' lang='lat' dir='ltr'>manu</span> <span class='ocrx_word' id='word_1_268' title='bbox 955 4659 1017 4747; x_wconf 77' lang='lat' dir='ltr'>quai</span> <span class='ocrx_word' id='word_1_269' title='bbox 1042 4661 1230 4746; x_wconf 88' lang='lat' dir='ltr'>superiores,</span> <span class='ocrx_word' id='word_1_270' title='bbox 1255 4662 1368 4748; x_wconf 92' lang='lat' dir='ltr'>quibus</span> <span class='ocrx_word' id='word_1_271' title='bbox 1383 4664 1449 4728; x_wconf 90' lang='lat' dir='ltr'>sine</span> <span class='ocrx_word' id='word_1_272' title='bbox 1471 4665 1538 4728; x_wconf 89' lang='lat' dir='ltr'>sine</span> <span class='ocrx_word' id='word_1_273' title='bbox 1560 4664 1623 4732; x_wconf 80' lang='lat' dir='ltr'>ulit</span> <span class='ocrx_word' id='word_1_274' title='bbox 1638 4665 1838 4734; x_wconf 88' lang='lat' dir='ltr'>distinctione</span> 
     </span>
     <span class='ocr_line' id='line_1_32' title="bbox 459 4774 713 4862; baseline -0.024 -18"><span class='ocrx_word' id='word_1_275' title='bbox 459 4774 616 4862; x_wconf 89' lang='lat' dir='ltr'>conjuncti</span> <span class='ocrx_word' id='word_1_276' title='bbox 631 4785 713 4838; x_wconf 76' lang='lat' dir='ltr'>sunt.</span> 
     </span>
     <span class='ocr_line' id='line_1_33' title="bbox 463 4881 1089 4955; baseline -0.01 -1"><span class='ocrx_word' id='word_1_277' title='bbox 463 4891 574 4955; x_wconf 87' lang='lat' dir='ltr'>Sermo</span> <span class='ocrx_word' id='word_1_278' title='bbox 593 4896 634 4951; x_wconf 77' lang='lat'>1⁰¹</span> <span class='ocrx_word' id='word_1_279' title='bbox 649 4886 743 4951; x_wconf 91' lang='lat' dir='ltr'>estin</span> <span class='ocrx_word' id='word_1_280' title='bbox 757 4885 808 4950; x_wconf 89' lang='lat' dir='ltr'>die</span> <span class='ocrx_word' id='word_1_281' title='bbox 825 4883 931 4950; x_wconf 87' lang='lat' dir='ltr'>Sancti</span> <span class='ocrx_word' id='word_1_282' title='bbox 948 4881 1089 4948; x_wconf 89' lang='lat' dir='ltr'>Martini.</span> 
     </span>
    </p>

    <p class='ocr_par' dir='ltr' id='par_1_22' title="bbox 419 4993 1427 5194">
     <span class='ocr_line' id='line_1_34' title="bbox 419 4993 1357 5084; baseline -0.01 -15"><span class='ocrx_word' id='word_1_283' title='bbox 419 5003 472 5070; x_wconf 88' lang='lat' dir='ltr'>Sic</span> <span class='ocrx_word' id='word_1_284' title='bbox 486 4999 612 5084; x_wconf 91' lang='lat' dir='ltr'>incipit:</span> <span class='ocrx_word' id='word_1_285' title='bbox 638 4997 781 5063; x_wconf 88' lang='lat' dir='ltr'>“Simon</span> <span class='ocrx_word' id='word_1_286' title='bbox 797 4995 881 5062; x_wconf 91' lang='lat' dir='ltr'>Onie</span> <span class='ocrx_word' id='word_1_287' title='bbox 895 4993 977 5058; x_wconf 88' lang='lat' dir='ltr'>filius</span> <span class='ocrx_word' id='word_1_288' title='bbox 995 4994 1146 5060; x_wconf 86' lang='lat' dir='ltr'>Sacerdos</span> <span class='ocrx_word' id='word_1_289' title='bbox 1161 4998 1357 5084; x_wconf 86' lang='lat' dir='ltr'>magnus”-—</span> 
     </span>
     <span class='ocr_line' id='line_1_35' title="bbox 461 5105 1427 5194; baseline -0.004 -18"><span class='ocrx_word' id='word_1_290' title='bbox 461 5121 506 5176; x_wconf 80' lang='lat'>2¹¹⁸</span> <span class='ocrx_word' id='word_1_291' title='bbox 520 5113 553 5175; x_wconf 89' lang='lat' dir='ltr'>in</span> <span class='ocrx_word' id='word_1_292' title='bbox 569 5109 650 5174; x_wconf 90' lang='lat' dir='ltr'>Mat.</span> <span class='ocrx_word' id='word_1_293' title='bbox 666 5117 719 5172; x_wconf 89' lang='lat'>22.</span> <span class='ocrx_word' id='word_1_294' title='bbox 738 5117 787 5174; x_wconf 92' lang='grc'><strong>16.</strong></span> <span class='ocrx_word' id='word_1_295' title='bbox 833 5105 1019 5194; x_wconf 87' lang='lat' dir='ltr'>“Magister</span> <span class='ocrx_word' id='word_1_296' title='bbox 1034 5108 1149 5172; x_wconf 86' lang='lat' dir='ltr'>scimus</span> <span class='ocrx_word' id='word_1_297' title='bbox 1164 5107 1239 5194; x_wconf 87' lang='lat' dir='ltr'>quia</span> <span class='ocrx_word' id='word_1_298' title='bbox 1253 5129 1349 5170; x_wconf 86' lang='lat' dir='ltr'>verax</span> <span class='ocrx_word' id='word_1_299' title='bbox 1364 5109 1427 5172; x_wconf 81' lang='lat' dir='ltr'>es&#39;’</span> 
     </span>
    </p>

    <p class='ocr_par' dir='ltr' id='par_1_23' title="bbox 419 5219 1455 5416">
     <span class='ocr_line' id='line_1_36' title="bbox 419 5219 1227 5308; baseline -0.009 -17"><span class='ocrx_word' id='word_1_300' title='bbox 419 5225 471 5291; x_wconf 90' lang='lat' dir='ltr'>Sic</span> <span class='ocrx_word' id='word_1_301' title='bbox 485 5222 612 5307; x_wconf 91' lang='lat' dir='ltr'>incipit:</span> <span class='ocrx_word' id='word_1_302' title='bbox 630 5229 651 5262; x_wconf 79' lang='lat'>‘⁶</span> <span class='ocrx_word' id='word_1_303' title='bbox 662 5220 746 5284; x_wconf 86' lang='lat' dir='ltr'>Vere</span> <span class='ocrx_word' id='word_1_304' title='bbox 760 5229 851 5283; x_wconf 89' lang='lat' dir='ltr'>vocat</span> <span class='ocrx_word' id='word_1_305' title='bbox 864 5219 1227 5308; x_wconf 81' lang='lat' dir='ltr'>ipstunmagistrum’&#39;-</span> 
     </span>
     <span class='ocr_line' id='line_1_37' title="bbox 462 5330 1455 5416; baseline -0.003 -19"><span class='ocrx_word' id='word_1_306' title='bbox 462 5331 661 5410; x_wconf 86' lang='lat' dir='ltr'>Quibusdam</span> <span class='ocrx_word' id='word_1_307' title='bbox 678 5330 881 5396; x_wconf 88' lang='lat' dir='ltr'>Sermonibus</span> <span class='ocrx_word' id='word_1_308' title='bbox 895 5351 1011 5394; x_wconf 90' lang='lat' dir='ltr'>nomen</span> <span class='ocrx_word' id='word_1_309' title='bbox 1026 5332 1160 5395; x_wconf 88' lang='lat' dir='ltr'>auctoris</span> <span class='ocrx_word' id='word_1_310' title='bbox 1174 5331 1386 5416; x_wconf 81' lang='lat' dir='ltr'>praeponitur:</span> <span class='ocrx_word' id='word_1_311' title='bbox 1410 5341 1455 5408; x_wconf 83' lang='lat' dir='ltr'>ut,</span> 
     </span>
    </p>

    <p class='ocr_par' dir='ltr' id='par_1_24' title="bbox 421 5441 1530 5512">
     <span class='ocr_line' id='line_1_38' title="bbox 421 5441 1530 5512; baseline -0.009 0"><span class='ocrx_word' id='word_1_312' title='bbox 421 5456 448 5512; x_wconf 88' lang='lat'>1.</span> <span class='ocrx_word' id='word_1_313' title='bbox 473 5446 584 5510; x_wconf 89' lang='lat' dir='ltr'>Sermo</span> <span class='ocrx_word' id='word_1_314' title='bbox 597 5443 700 5508; x_wconf 85' lang='lat' dir='ltr'>iratris</span> <span class='ocrx_word' id='word_1_315' title='bbox 715 5441 871 5508; x_wconf 81' lang='lat' dir='ltr'>Jordanis.</span> <span class='ocrx_word' id='word_1_316' title='bbox 975 5450 1005 5508; x_wconf 84' lang='lat'>5.</span> <span class='ocrx_word' id='word_1_317' title='bbox 1028 5441 1175 5506; x_wconf 84' lang='lat' dir='ltr'>Jordanis</span> <span class='ocrx_word' id='word_1_318' title='bbox 1189 5441 1293 5508; x_wconf 87' lang='lat' dir='ltr'>fratris</span> <span class='ocrx_word' id='word_1_319' title='bbox 1310 5441 1530 5507; x_wconf 88' lang='lat' dir='ltr'>Predicatoris.</span> 
     </span>
    </p>

    <p class='ocr_par' dir='ltr' id='par_1_25' title="bbox 418 5551 1490 5644">
     <span class='ocr_line' id='line_1_39' title="bbox 418 5551 1490 5644; baseline -0.006 -23"><span class='ocrx_word' id='word_1_320' title='bbox 418 5566 449 5626; x_wconf 87' lang='lat'>6.</span> <span class='ocrx_word' id='word_1_321' title='bbox 472 5555 620 5644; x_wconf 86' lang='lat' dir='ltr'>Magistri</span> <span class='ocrx_word' id='word_1_322' title='bbox 633 5553 789 5619; x_wconf 88' lang='lat' dir='ltr'>Jordanis.</span> <span class='ocrx_word' id='word_1_323' title='bbox 972 5563 1002 5617; x_wconf 92' lang='grc'><strong>4.</strong></span> <span class='ocrx_word' id='word_1_324' title='bbox 1026 5551 1175 5640; x_wconf 81' lang='lat' dir='ltr'>Magistri</span> <span class='ocrx_word' id='word_1_325' title='bbox 1192 5554 1310 5640; x_wconf 88' lang='lat' dir='ltr'>Rogeri</span> <span class='ocrx_word' id='word_1_326' title='bbox 1327 5552 1490 5616; x_wconf 89' lang='lat' dir='ltr'>Sacellani.</span> 
     </span>
    </p>

    <p class='ocr_par' dir='ltr' id='par_1_26' title="bbox 419 5662 1838 5862">
     <span class='ocr_line' id='line_1_40' title="bbox 419 5662 1838 5750; baseline -0.001 -16"><span class='ocrx_word' id='word_1_327' title='bbox 419 5669 639 5734; x_wconf 89' lang='lat' dir='ltr'>Immiscentur</span> <span class='ocrx_word' id='word_1_328' title='bbox 660 5675 764 5730; x_wconf 89' lang='lat' dir='ltr'>autern</span> <span class='ocrx_word' id='word_1_329' title='bbox 778 5664 827 5727; x_wconf 91' lang='lat' dir='ltr'>his</span> <span class='ocrx_word' id='word_1_330' title='bbox 851 5662 1055 5729; x_wconf 79' lang='lat' dir='ltr'>sermonibus</span> <span class='ocrx_word' id='word_1_331' title='bbox 1071 5663 1230 5728; x_wconf 78' lang='lat' dir='ltr'>Notabilis</span> <span class='ocrx_word' id='word_1_332' title='bbox 1244 5665 1398 5750; x_wconf 82' lang='lat' dir='ltr'>quaedam,</span> <span class='ocrx_word' id='word_1_333' title='bbox 1414 5677 1450 5730; x_wconf 93' lang='lat' dir='ltr'>ut</span> <span class='ocrx_word' id='word_1_334' title='bbox 1463 5677 1624 5745; x_wconf 90' lang='lat' dir='ltr'>vocantur,</span> <span class='ocrx_word' id='word_1_335' title='bbox 1640 5665 1704 5730; x_wconf 89' lang='lat' dir='ltr'>sive</span> <span class='ocrx_word' id='word_1_336' title='bbox 1720 5665 1838 5734; x_wconf 90' lang='lat' dir='ltr'>Obser-</span> 
     </span>
     <span class='ocr_line' id='line_1_41' title="bbox 461 5773 1646 5862; baseline -0.002 -20"><span class='ocrx_word' id='word_1_337' title='bbox 461 5779 601 5844; x_wconf 84' lang='lat' dir='ltr'>vationes</span> <span class='ocrx_word' id='word_1_338' title='bbox 615 5775 822 5842; x_wconf 86' lang='lat' dir='ltr'>miscellaneae</span> <span class='ocrx_word' id='word_1_339' title='bbox 830 5799 839 5853; x_wconf 83' lang='lat'>3</span> <span class='ocrx_word' id='word_1_340' title='bbox 857 5773 1018 5860; x_wconf 76' lang='lat' dir='ltr'>Scriptura</span> <span class='ocrx_word' id='word_1_341' title='bbox 1032 5775 1147 5860; x_wconf 91' lang='lat' dir='ltr'>partim</span> <span class='ocrx_word' id='word_1_342' title='bbox 1162 5774 1282 5855; x_wconf 71' lang='lat' dir='ltr'>eidem,</span> <span class='ocrx_word' id='word_1_343' title='bbox 1297 5777 1411 5862; x_wconf 86' lang='lat' dir='ltr'>partim</span> <span class='ocrx_word' id='word_1_344' title='bbox 1425 5777 1558 5842; x_wconf 71' lang='lat' dir='ltr'>diversi.</span> <span class='ocrx_word' id='word_1_345' title='bbox 1643 5835 1646 5840; x_wconf 92' lang='lat'>.</span> 
     </span>
    </p>
   </div>
   <div class='ocr_carea' id='block_1_8' title="bbox 343 5908 1841 6342">
    <p class='ocr_par' dir='ltr' id='par_1_27' title="bbox 343 5908 1841 6342">
     <span class='ocr_line' id='line_1_42' title="bbox 343 5908 1628 5996; baseline -0.005 -14"><span class='ocrx_word' id='word_1_346' title='bbox 343 5922 392 5987; x_wconf 87' lang='lat'>17.</span> <span class='ocrx_word' id='word_1_347' title='bbox 415 5915 561 5994; x_wconf 81' lang='lat' dir='ltr'>Qumruu</span> <span class='ocrx_word' id='word_1_348' title='bbox 577 5931 779 5996; x_wconf 75' lang='lat' dir='ltr'>possennus</span> <span class='ocrx_word' id='word_1_349' title='bbox 796 5929 839 5974; x_wconf 84' lang='lat' dir='ltr'>nn</span> <span class='ocrx_word' id='word_1_350' title='bbox 857 5911 1061 5974; x_wconf 81' lang='grc'><strong>8111011110</strong></span> <span class='ocrx_word' id='word_1_351' title='bbox 1076 5929 1183 5974; x_wconf 77' lang='lat' dir='ltr'>sunna</span> <span class='ocrx_word' id='word_1_352' title='bbox 1200 5909 1441 5975; x_wconf 75' lang='lat' dir='ltr'>Evaucnnrmu.</span> <span class='ocrx_word' id='word_1_353' title='bbox 1492 5908 1560 5974; x_wconf 84' lang='lat' dir='ltr'>Fol.</span> <span class='ocrx_word' id='word_1_354' title='bbox 1577 5921 1628 5976; x_wconf 90' lang='grc'>88.</span> 
     </span>
     <span class='ocr_line' id='line_1_43' title="bbox 418 6019 1838 6110; baseline -0.006 -17"><span class='ocrx_word' id='word_1_355' title='bbox 418 6026 515 6093; x_wconf 90' lang='lat' dir='ltr'>Initio</span> <span class='ocrx_word' id='word_1_356' title='bbox 528 6024 676 6089; x_wconf 84' lang='lat' dir='ltr'>tractatirs</span> <span class='ocrx_word' id='word_1_357' title='bbox 691 6021 878 6086; x_wconf 89' lang='lat' dir='ltr'>adscribitur</span> <span class='ocrx_word' id='word_1_358' title='bbox 892 6021 944 6085; x_wconf 93' lang='lat' dir='ltr'>hic</span> <span class='ocrx_word' id='word_1_359' title='bbox 958 6021 1084 6086; x_wconf 82' lang='lat' dir='ltr'>&#39;Iitnlus</span> <span class='ocrx_word' id='word_1_360' title='bbox 1098 6019 1196 6085; x_wconf 85' lang='lat' dir='ltr'>literis</span> <span class='ocrx_word' id='word_1_361' title='bbox 1217 6021 1371 6086; x_wconf 89' lang='lat' dir='ltr'>miniatis:</span> <span class='ocrx_word' id='word_1_362' title='bbox 1398 6022 1590 6107; x_wconf 89' lang='lat' dir='ltr'>“Incipiunt</span> <span class='ocrx_word' id='word_1_363' title='bbox 1603 6021 1752 6110; x_wconf 84' lang='lat' dir='ltr'>allegoria</span> <span class='ocrx_word' id='word_1_364' title='bbox 1765 6023 1838 6086; x_wconf 85' lang='lat' dir='ltr'>novi</span> 
     </span>
     <span class='ocr_line' id='line_1_44' title="bbox 463 6134 1839 6224; baseline -0.003 -21"><span class='ocrx_word' id='word_1_365' title='bbox 463 6148 486 6182; x_wconf 86' lang='lat'>“</span> <span class='ocrx_word' id='word_1_366' title='bbox 501 6136 724 6204; x_wconf 86' lang='lat' dir='ltr'>Testamenti.”</span> <span class='ocrx_word' id='word_1_367' title='bbox 770 6135 851 6202; x_wconf 87' lang='lat' dir='ltr'>Sunt</span> <span class='ocrx_word' id='word_1_368' title='bbox 864 6145 968 6198; x_wconf 88' lang='lat' dir='ltr'>autem</span> <span class='ocrx_word' id='word_1_369' title='bbox 984 6135 1154 6224; x_wconf 89' lang='lat' dir='ltr'>Allegoriae</span> <span class='ocrx_word' id='word_1_370' title='bbox 1170 6134 1320 6223; x_wconf 89' lang='lat' dir='ltr'>Hugonis</span> <span class='ocrx_word' id='word_1_371' title='bbox 1334 6135 1374 6200; x_wconf 90' lang='lat' dir='ltr'>de</span> <span class='ocrx_word' id='word_1_372' title='bbox 1391 6136 1507 6200; x_wconf 88' lang='lat' dir='ltr'>Sancto</span> <span class='ocrx_word' id='word_1_373' title='bbox 1516 6135 1643 6202; x_wconf 87' lang='lat' dir='ltr'>Victore</span> <span class='ocrx_word' id='word_1_374' title='bbox 1657 6137 1689 6200; x_wconf 93' lang='lat' dir='ltr'>in</span> <span class='ocrx_word' id='word_1_375' title='bbox 1705 6147 1839 6222; x_wconf 91' lang='lat' dir='ltr'>quatuor</span> 
     </span>
     <span class='ocr_line' id='line_1_45' title="bbox 463 6245 1841 6342; baseline -0.007 -23"><span class='ocrx_word' id='word_1_376' title='bbox 463 6252 643 6342; x_wconf 85' lang='lat' dir='ltr'>Evangelia.</span> <span class='ocrx_word' id='word_1_377' title='bbox 689 6250 729 6316; x_wconf 96' lang='lat' dir='ltr'>In</span> <span class='ocrx_word' id='word_1_378' title='bbox 743 6271 781 6317; x_wconf 89' lang='lat' dir='ltr'>eo</span> <span class='ocrx_word' id='word_1_379' title='bbox 796 6258 900 6315; x_wconf 86' lang='lat' dir='ltr'>autem</span> <span class='ocrx_word' id='word_1_380' title='bbox 913 6245 1091 6336; x_wconf 88' lang='lat' dir='ltr'>discrepant</span> <span class='ocrx_word' id='word_1_381' title='bbox 1104 6247 1145 6314; x_wconf 91' lang='lat' dir='ltr'>ab</span> <span class='ocrx_word' id='word_1_382' title='bbox 1155 6247 1256 6329; x_wconf 89' lang='lat' dir='ltr'>editis,</span> <span class='ocrx_word' id='word_1_383' title='bbox 1272 6247 1357 6336; x_wconf 91' lang='lat' dir='ltr'>quod</span> <span class='ocrx_word' id='word_1_384' title='bbox 1370 6267 1436 6314; x_wconf 89' lang='lat' dir='ltr'>non</span> <span class='ocrx_word' id='word_1_385' title='bbox 1444 6246 1556 6315; x_wconf 90' lang='lat' dir='ltr'>eodem</span> <span class='ocrx_word' id='word_1_386' title='bbox 1566 6270 1639 6315; x_wconf 88' lang='lat' dir='ltr'>cum</span> <span class='ocrx_word' id='word_1_387' title='bbox 1652 6247 1714 6314; x_wconf 90' lang='lat' dir='ltr'>illis</span> <span class='ocrx_word' id='word_1_388' title='bbox 1728 6246 1841 6312; x_wconf 88' lang='lat' dir='ltr'>ordine</span> 
     </span>
    </p>
   </div>
   <div class='ocr_carea' id='block_1_9' title="bbox 0 0 2320 7860">
    <p class='ocr_par' dir='ltr' id='par_1_28' title="bbox 0 0 2320 7860">
     <span class='ocr_line' id='line_1_46' title="bbox 0 0 2320 7860; baseline 0 1"><span class='ocrx_word' id='word_1_389' title='bbox 0 0 2320 7860; x_wconf 95' lang='lat' dir='ltr'> </span> 
     </span>
    </p>
   </div>
  </div>
 </body>
</html>
