4630 7860
552 986 601 1051 54
1075 1002 1232 1055 comeus
1257 1001 1513 1056 usuuscnmm

1387 1201 1600 1254 uvnucsuu
1685 1191 1862 1254 trontius

557 1267 709 1317 sussum.
848 1269 1003 1318 nummu
1021 1269 1207 1319 nouimus.
1419 1271 1566 1320 ussum.
1695 1274 1853 1324 lucion.
1932 1289 2011 1324 mus

308 1385 513 1464 Α,ῙΙΙ,99.
546 1379 619 1446 Oct.
631 1381 764 1449 Katre.
788 1381 827 1447 ln
844 1381 950 1446 Natali
967 1384 1073 1448 Sancti
1091 1385 1243 1472 Cipriani.
1667 1385 1830 1451 Maximus
1908 1395 1981 1456 284.
1997 1389 2031 1452 b.

320 1485 439 1574 ..18818
823 1503 844 1536 ⁶⁶
858 1495 964 1560 sancti
982 1497 1124 1580 cipriani
1136 1498 1332 1562 festivitatem
1347 1497 1388 1562 si.

868 1621 922 1674 cut
936 1609 1075 1674 omnib.”

782 1743 927 1812 Homilia
942 1745 1011 1810 alia.
1911 1757 1983 1816 985.

825 1866 847 1898 “
859 1857 899 1922 In
908 1857 1049 1922 martirio
1054 1856 1223 1921 beatissimi
1230 1855 1390 1942 Cipricni''

708 2001 757 2058 11.
782 1991 907 2058 Muthei
922 1992 1079 2079 Apostoli.
1386 1989 1468 2058 Mat.
1514 2003 1544 2060 9.
1562 2003 1592 2058 9.
1661 1993 1750 2058 Beda
1910 2003 1983 2064 986.

825 2113 846 2146 ¹⁴
855 2103 1017 2192 Legimus,
1055 2102 1210 2187 Apostolo
1254 2101 1389 2180 dicente,

869 2215 943 2302 quia
957 2236 1066 2278 omnes
1081 2217 1237 2298 pcccan.''

704 2357 757 2434 [8]
780 2351 820 2416 In
837 2351 931 2416 Festo
947 2349 1115 2414 Michaelis
1131 2349 1333 2437 Archangeli.
1386 2360 1594 2415 -18.1.
1662 2349 1825 2414 Maximus
1906 2360 1979 2418 989.
1995 2353 2030 2417 b.

825 2463 891 2528 “Si
912 2462 1079 2550 diligenter
1099 2461 1229 2526 audistis
1246 2461 1390 2550 Evange-

865 2575 958 2638 licam
973 2575 1118 2638 lectiori.”

573 2709 821 2778 oct.1d.7.1n
838 2709 944 2774 Natali
962 2711 1068 2774 Sancti
1085 2709 1220 2796 Dionisij
1389 2710 1468 2775 Luc.
1492 2720 1522 2776 6.
1539 2719 1591 2776 90.
1661 2710 1750 2774 Beda
1906 2719 1978 2778 990.
1995 2713 2026 2777 b.

824 2819 926 2885 “Etsi
954 2819 1143 2908 generaliter
1171 2819 1317 2884 omuibus
1343 2819 1390 2883 lo-

815 2995 817 3004 ,
868 2931 993 3018 quitur'’

544 3065 756 3134 Nov.Kal.15.
781 3065 820 3131 In
836 3065 943 3130 Natali
957 3065 1039 3132 Justi
1056 3065 1209 3132 Martiris.
1383 3103 1471 3120 -—
1496 3077 1544 3132 14.
1561 3075 1614 3132 99.
1660 3067 1836 3154 Gregorius
1902 3077 1975 3136 999.
1997 3071 2029 3136 b.

826 3178 895 3242 “Si
924 3176 1158 3242 consideremus
1187 3177 1293 3242 fratris
1322 3177 1387 3242 tmi

871 3290 962 3374 suff

781 3425 821 3488 In
837 3423 943 3487 Natali
960 3423 1047 3488 Luce
1064 3423 1272 3513 Evangeliste.
1911 3437 1984 3496 996.

828 3535 973 3599 “Plures
1011 3535 1105 3600 finisse
1134 3536 1188 3621 qui
1219 3535 1393 3623 Evangelia

869 3647 1080 3732 scripserunt’

783 3781 928 3848 Humilia
941 3781 1011 3848 alin.

826 3901 848 3935 “
860 3893 965 3960 Lucas
982 3894 1071 3960 Sirus
1088 3891 1328 3958 Antiochensis'’

784 4031 823 4096 In
840 4030 946 4095 Natali
962 4031 1055 4095 unius
1072 4027 1224 4093 Martiris.
1389 4029 1481 4094 Jocn.
1502 4037 1550 4096 19.
1566 4037 1618 4096 90.

829 4143 904 4206 “Se
928 4141 1052 4204 dicebat
1075 4140 1233 4204 Dominus
1254 4161 1389 4226 granum

868 4250 1005 4316 mortif.”

783 4387 823 4450 In
838 4385 1047 4450 Dedicatione
1063 4383 1213 4448 Ecclesia.

828 4504 849 4540 “
861 4495 1008 4561 Natalem
1036 4494 1129 4578 hujus
1158 4493 1267 4579 templi
1307 4494 1391 4558 diem

870 4606 1000 4672 fratres’?
1369 4641 1372 4646 ·

785 4741 929 4808 Humilia
943 4741 1013 4806 elia.
1388 4740 1467 4806 Luc.
1496 4752 1526 4807 6.
1543 4753 1594 4808 ts.
1664 4743 1753 4808 Beda
1909 4755 1982 4812 801.

830 4863 852 4896 “
865 4853 951 4931 Quia
965 4853 1100 4940 propitii
1110 4853 1271 4918 divinitate
1285 4851 1395 4918 fratres

869 4968 938 5030 kmi

705 5107 758 5184 [5]
782 5101 821 5166 In
838 5101 943 5166 Natali
960 5101 1097 5166 Simonis
1112 5113 1144 5165 et
1157 5097 1240 5165 Jude
1253 5100 1391 5183 Aposto-

826 5214 939 5278 lorum.
1387 5211 1478 5277 Joun.
1498 5219 1547 5276 19.
1567 5219 1615 5280 17.
1661 5213 1830 5301 Augustin.
1907 5225 1978 5282 805.
1995 5217 2026 5281 b.

829 5333 849 5365 “
865 5325 938 5388 Hec
968 5324 1069 5410 inquit
1097 5322 1214 5386 maudo
1243 5321 1391 5386 vobisut

870 5437 1006 5525 diligetis
1021 5438 1091 5499 me''

733 5583 759 5638 1.
784 5573 823 5638 In
848 5573 1073 5659 Solempnitate
1099 5572 1240 5636 omnium
1263 5573 1395 5637 Sancto·

828 5706 910 5762 rum,
926 5683 1075 5748 lectiones
1094 5693 1143 5748 11.
1907 5697 1978 5752 308.
1995 5688 2026 5753 b.

830 5803 852 5838 “
862 5794 1014 5884 Ieginuis
1036 5797 1069 5860 in
1085 5795 1311 5860 Ecclesiasticis
1326 5795 1395 5860 his-⁴

872 5905 979 5970 toriis”

788 6039 941 6106 Homilia
1390 6039 1470 6109 Mat.
1502 6051 1532 6110 5.
1551 5989 1580 6108 l
1663 6041 1827 6129 Smaragd¹
1905 6051 1977 6109 819.
1994 6044 2026 6109 b.

818 6150 1394 6240 “Siqueritiuquidsiguifloetmons.”
