4592 7850
748 1065 934 1120 scennsrst
959 1062 1232 1120 nurmcrssusrs
1671 1050 1741 1120 311

41 1275 79 1351 C.
93 1273 159 1349 IV.
177 1264 236 1341 26.
326 1263 432 1330 Mults
448 1261 575 1330 Scholia
588 1273 620 1328 et
633 1261 723 1328 lineis
736 1261 925 1343 inseruntur,
941 1277 973 1330 et
985 1265 1119 1353 margini
1133 1262 1353 1328 adscribuntur
1366 1259 1463 1326 literis
1477 1261 1614 1328 minutis.

48 1371 161 1423 mm
322 1377 439 1442 Literoe
460 1397 567 1461 parvm
582 1387 664 1456 sunt,
681 1377 888 1453 ecuminstae3
911 1376 943 1440 in
967 1375 1074 1442 Textu
1095 1376 1168 1441 satis
1190 1375 1272 1440 bene
1291 1372 1450 1442 formstae:
1474 1373 1567 1442 AEtos
1588 1393 1743 1444 annorum

367 1488 490 1554 circiter
508 1497 584 1554 400.

185 1831 244 1914 27.
273 1825 453 1900 Poemnrn
472 1823 647 1902 Gancs
665 1851 758 1902 nuo.

274 2007 302 2063 1.
326 1997 476 2064 Breucos.

328 2109 448 2175 Poimc
468 2108 530 2174 hoc
550 2109 702 2194 scriptum
721 2119 768 2173 est
793 2127 936 2173 sermone
958 2105 1037 2172 adeo
1058 2115 1181 2171 vetusto
1202 2115 1234 2168 et
1255 2101 1405 2181 obsoleto,
1429 2115 1465 2166 ut
1480 2099 1592 2168 Gallus
1607 2101 1745 2188 quidem,

368 2221 427 2284 Vir
440 2221 619 2307 ingeniosus
634 2231 666 2284 et
686 2219 807 2298 doctus,
823 2219 874 2284 cui
889 2219 973 2282 hunc
987 2219 1104 2282 librum
1126 2214 1333 2292 ostenderem,
1357 2213 1460 2300 primo
1482 2213 1597 2276 intuitu
1611 2213 1665 2276 vix
1679 2233 1747 2277 cre-

372 2331 462 2396 deret
477 2330 635 2396 Gallicum
650 2353 726 2395 esse.
772 2330 821 2395 Ee
834 2330 943 2418 lingue
964 2343 1011 2394 est
1032 2350 1126 2417 quem
1143 2328 1375 2392 Romanensem
1397 2325 1572 2406 [Romans]
1586 2323 1750 2401 vocabant,

371 2442 458 2528 quod
474 2441 665 2506 Fabulamm
681 2441 927 2505 Romanensium
942 2440 1070 2526 propria
1085 2437 1316 2526 quodammodo
1330 2447 1419 2501 esset.

332 2553 480 2619 Auctoris
494 2575 610 2617 nomen
624 2573 689 2615 non
703 2551 897 2639 praeiigitur:
920 2563 952 2616 et
967 2551 1057 2616 Libri
1073 2549 1199 2616 Titulus
1221 2572 1240 2612 a
1255 2547 1443 2634 Bibliopego
1464 2545 1544 2611 adeo
1558 2545 1677 2610 accisus
1691 2557 1749 2623 est,

373 2676 410 2728 ut
432 2663 477 2726 nil
502 2664 563 2728 nisi
586 2674 735 2728 extremm
749 2662 909 2727 literarum
924 2674 1027 2748 partes
1042 2661 1159 2728 relictae
1182 2659 1253 2724 sint.
1298 2658 1432 2722 Videtur
1453 2657 1547 2721 fuisse
1561 2658 1629 2722 Hic
1643 2659 1751 2740 incepit

374 2775 499 2839 Bruno.
556 2773 598 2838 Et
620 2773 746 2860 quidem
768 2775 884 2839 Bnttus
906 2785 953 2838 est
973 2774 1065 2860 hujus
1082 2773 1239 2837 Poematis
1260 2770 1507 2835 fundumentum.
1552 2767 1629 2854 Ejus
1644 2768 1751 2854 Argu·

372 2897 523 2964 mentum,
551 2897 583 2950 et
597 2886 746 2950 Auctoris
767 2907 893 2963 nomen,
920 2896 952 2949 et
973 2885 1084 2950 veteris
1100 2884 1191 2950 simul
1214 2885 1331 2972 linguoe
1353 2883 1511 2970 specimen
1526 2881 1644 2950 Versus
1658 2880 1753 2967 primi

377 2995 508 3061 dabunt
1395 3002 1396 3008 ’

579 3139 600 3175 “
615 3132 660 3210 Qi
674 3132 740 3198 volt
753 3133 829 3211 cire,
844 3131 911 3198 volt
925 3132 1035 3210 saveir,

578 3251 600 3284 “
615 3241 667 3306 De
684 3243 744 3306 Rei
759 3267 798 3307 en
816 3243 886 3320 Rei,
902 3243 942 3306 de
958 3244 1015 3306 Eir
1030 3263 1070 3304 en
1086 3241 1157 3320 Eir,

579 3360 600 3394 “
617 3352 661 3416 Ki
676 3353 716 3416 cil
729 3351 842 3431 furent,
859 3375 876 3417 e
891 3353 971 3417 dunt
985 3352 1007 3416 il
1022 3351 1179 3429 vindrent,

581 3470 603 3504 “
618 3461 663 3526 Ki
678 3463 863 3551 Engleterre
876 3464 993 3549 primes
1009 3462 1165 3526 tindrcnt:

582 3581 604 3616 “
620 3572 720 3648 Quels
738 3573 813 3638 Reis
823 3573 879 3660 jod
894 3595 933 3638 en
950 3571 1056 3636 Ordre
1070 3593 1112 3634 eu
1121 3595 1131 3646 3

585 3693 607 3726 ‘⁶
623 3683 668 3748 Ki
681 3686 795 3762 anceis,
811 3707 829 3747 e
843 3685 876 3747 ki
891 3683 961 3768 puis
976 3683 988 3744 i
1001 3681 1054 3759 fu3

583 3803 605 3836 “
621 3793 754 3858 Meistre
770 3795 874 3859 Weoe
883 3794 940 3880 jod
955 3791 1112 3870 translutd,
1134 3790 1156 3856 f.
1171 3811 1191 3855 e
1204 3789 1352 3856 translate

587 3913 608 3946 ‘⁶
624 3903 669 3968 Ki
682 3926 722 3969 en
737 3917 830 3968 eunte
844 3903 876 3966 le
890 3903 1028 3967 verite?

668 4061 786 4130 Versus
800 4065 834 4128 hi
849 4065 893 4129 sIc
907 4062 1003 4129 latine
1017 4061 1107 4128 reddi
1121 4073 1272 4148 possunt:

585 4213 606 4246 “
622 4204 688 4280 Qui
701 4204 768 4268 vult
782 4204 901 4282 audire,
918 4203 985 4268 vult
999 4203 1088 4281 scire,

585 4323 607 4356 ‘⁸
622 4315 675 4379 De
691 4315 780 4402 Rege
794 4315 828 4378 in
844 4315 975 4402 Regem,
991 4313 1031 4377 de
1047 4311 1190 4377 Haerede
1204 4313 1238 4378 in
1252 4309 1423 4388 haeredem,

588 4433 610 4468 ‘⁴
625 4425 764 4502 Quinem
778 4425 903 4504 fuerint,
919 4438 951 4490 et
964 4423 1048 4488 unde
1062 4423 1215 4501 venerint,

587 4545 609 4579 “
624 4537 690 4613 Qui
706 4536 854 4625 Anglism
868 4536 962 4621 primi
976 4545 1164 4599 tenueruntr

589 4655 609 4688 “
625 4647 716 4723 Quos
733 4647 837 4735 Reges
846 4648 914 4732 jem
928 4648 960 4710 in
975 4645 1087 4710 ordine
1100 4643 1221 4723 hebuit,

592 4765 613 4798 “
630 4757 695 4832 Qui
710 4767 810 4833 anteo,
828 4756 927 4841 etqui
941 4767 1051 4840 postes
1064 4753 1201 4832 fuerunt,

590 4875 611 4909 “
627 4867 781 4956 Magister
797 4865 901 4930 Woce
910 4867 978 4951 jem
992 4864 1160 4944 transtulit,

590 4985 612 5020 “
628 4978 694 5054 Qui
708 4979 754 5042 rei
769 4989 877 5042 narret
891 4977 1085 5040 veritatem.”

348 5145 468 5208 Auctor
490 5139 585 5227 igitur
606 5138 698 5224 hujus
715 5136 873 5202 Poematis
896 5135 1000 5202 Woce
1015 5145 1160 5200 vocetur:
1184 5134 1416 5222 Argumentum
1437 5141 1484 5196 est
1507 5130 1632 5219 Regum
1647 5132 1771 5220 Anglo·

286 5287 292 5298 ·
391 5274 463 5316 rum
478 5249 632 5328 Historia,
657 5269 791 5335 quorum
813 5248 967 5334 originem
988 5246 1117 5311 deducit
1130 5269 1150 5310 e
1165 5245 1285 5310 Bruto:
1309 5245 1422 5309 desinit
1444 5244 1477 5306 iu
1498 5255 1598 5307 morte
1614 5243 1770 5308 Willelmi

391 5361 449 5440 2⁶¹,
467 5359 507 5426 de
522 5361 609 5444 cujus
624 5359 752 5424 vulnere
772 5356 880 5421 lethali
894 5379 914 5420 c
929 5355 1076 5420 Waltero
1091 5354 1207 5442 Tyrrel
1220 5365 1348 5439 eccepto
1362 5354 1457 5440 psulo
1470 5365 1543 5419 ente
1557 5353 1654 5420 finem
1667 5353 1770 5442 loqui·

395 5485 457 5537 tur.

351 5584 429 5651 Pers
444 5583 598 5668 posterior
614 5587 646 5666 (e
660 5581 735 5644 folio
750 5581 805 5661 60)
821 5580 936 5664 scripto
949 5577 1072 5642 videtur
1086 5577 1127 5640 ob
1141 5576 1200 5641 alit
1215 5598 1309 5640 manu
1325 5598 1418 5662 quam
1432 5577 1528 5660 prior.

350 5695 487 5762 Jucobus
508 5695 538 5758 le
561 5693 655 5782 Long
677 5693 722 5778 (in
739 5689 934 5756 Bibliothecir
957 5687 1119 5754 Historicir
1137 5687 1272 5770 Gallici)
1295 5688 1348 5766 sit,
1373 5687 1547 5754 Robertum
1564 5686 1668 5752 Wsce
1680 5685 1777 5753 fuisse

396 5806 629 5870 Caesoreensem
644 5801 742 5883 [natis
750 5801 790 5865 de
804 5799 890 5864 l’Isle
904 5799 944 5863 de
958 5798 1084 5882 Jersey]
1099 5809 1130 5860 et
1146 5795 1280 5861 Henrici
1295 5796 1337 5860 2⁶¹¹
1355 5797 1452 5886 Regis
1468 5798 1644 5888 Anglorum
1662 5797 1778 5884 Cepel·

394 5916 518 5992 lanum3
542 5927 573 5979 et
596 5915 754 5999 scripsisse
779 5911 918 5976 versibus
934 5908 1075 5986 Gallicis,
1099 5907 1205 5996 lingui
1233 5907 1424 5974 Romanensi
1441 5908 1565 5974 Roman
1587 5910 1627 5975 de
1644 5909 1717 5976 Rou
1738 5908 1776 5990 [f.

398 6027 512 6107 Rsoul,
528 6028 577 6094 ie.
594 6025 706 6109 Rollo]
728 6025 792 6092 sive
808 6021 984 6090 Historiam
1001 6021 1129 6087 Ducum
1145 6017 1351 6088 Normauniae
1365 6033 1397 6088 et
1411 6021 1600 6110 Aquitaniae.
1644 6020 1780 6087 Videtur
