4592 7850
758 1095 947 1152 scemam
973 1095 1251 1153 numanatis.

40 1311 77 1388 C.
92 1307 157 1384 IV.
172 1307 233 1380 23.
263 1309 295 1370 4.
319 1299 488 1368 Truentus
502 1295 582 1364 alius
596 1295 664 1362 sine
680 1296 828 1364 Auctoris
842 1311 897 1364 aut
911 1298 1003 1365 Libri
1017 1301 1154 1366 nomine.

51 1409 164 1463 ”lm
321 1414 374 1481 Sic
389 1411 515 1497 incipit:
540 1418 562 1452 “
572 1409 838 1496 Necessariusest
851 1411 893 1476 ad
907 1411 1105 1498 disciplinam
1119 1411 1222 1476 bonus
1238 1411 1413 1478 Sermo”..

321 1527 399 1615 Agit
412 1523 454 1589 de
470 1521 658 1588 Christianae
676 1521 850 1612 Religionis
867 1523 984 1589 Praxi:
1008 1523 1157 1610 adquam
1172 1523 1430 1610 promovendam,
1450 1536 1567 1610 preter
1581 1524 1643 1592 alia
1656 1547 1751 1618 argu-

362 1647 480 1713 menta,
495 1635 635 1699 virorum
659 1634 847 1700 Sanctorum
868 1634 1046 1722 exemplae
1070 1634 1166 1701 Sacri
1183 1633 1328 1702 Histcrib
1348 1635 1504 1722 producit.
1551 1633 1752 1708 Maccabeo-

361 1771 434 1814 rum
448 1747 605 1812 cruciatus
619 1757 652 1810 et
664 1746 848 1832 patientiam
861 1767 926 1810 non
941 1746 1136 1834 ineleganter
1149 1745 1317 1825 describit3
1337 1759 1370 1812 et
1383 1747 1417 1811 in
1431 1747 1467 1813 et
1482 1747 1612 1816 hitterii
1627 1751 1752 1834 desinit,

364 1859 415 1926 bis
429 1858 552 1924 verbis:
571 1866 592 1900 “
605 1856 672 1922 Soli
686 1857 727 1922 de
738 1857 828 1947 Rege
839 1857 986 1943 superbo,
999 1857 1067 1927 sine
1077 1856 1192 1922 bellico
1206 1857 1536 1938 conflictu,rictoriam
1549 1865 1753 1948 reportastis:

367 1981 388 2014 “
404 1972 558 2038 Vicerunt
570 1970 603 2034 in
618 1969 707 2036 vobis
721 1969 790 2036 sola
810 1992 898 2034 arma
914 1970 1060 2036 Pietatis:
1083 1967 1172 2034 dedit
1184 1990 1283 2055 penas
1299 1972 1451 2057 pisanis,
1474 1971 1570 2061 [lege,
1585 1984 1755 2063 tyrannus]

367 2092 389 2126 ‘⁸
403 2097 436 2148 et
449 2083 523 2171 quia
536 2105 591 2146 vos
606 2103 671 2146 non
685 2082 788 2167 potuit
802 2082 947 2162 vincere3
961 2093 994 2148 et
1008 2081 1082 2171 quie
1096 2083 1195 2148 atroci
1208 2093 1369 2168 peremtus
1383 2095 1431 2150 est
1443 2087 1575 2150 morte.'’

323 2195 444 2262 Deesse
459 2194 577 2282 aliquid
592 2193 716 2258 videtur
729 2194 763 2258 in
777 2193 851 2261 fine.

324 2307 436 2374 Habet
449 2306 524 2370 folia
542 2315 591 2372 10.

324 2419 467 2505 Scriptus
488 2429 536 2483 est
556 2417 608 2483 bic
629 2429 779 2484 tractatus
800 2419 891 2488 lineis
905 2420 1081 2498 continuis:
1103 2419 1201 2487 literis
1221 2419 1406 2502 minoribus,
1429 2423 1546 2501 acutis:
1568 2434 1641 2490 ante
1655 2445 1755 2491 annos

366 2531 490 2596 circiter
503 2541 669 2596 trecentos.

268 2702 299 2759 5.
322 2691 525 2758 Teucrarus
539 2692 618 2757 alius
633 2714 818 2780 anonymus,
836 2693 1086 2781 Metaphysicus,
1103 2713 1147 2760 nn
1165 2693 1297 2761 Raram:
1310 2695 1503 2762 Parncrerrs
1518 2715 1561 2760 ar
1577 2695 1712 2763 Causrs.

327 2803 380 2869 Sic
393 2803 522 2889 incipit:
547 2802 742 2880 “Quoniam
756 2817 861 2870 antem
874 2815 987 2870 nature
997 2808 1063 2890 piis
1077 2816 1109 2869 et
1122 2809 1173 2869 cis
1194 2806 1364 2891 [principia
1378 2817 1411 2870 et
1424 2813 1549 2888 causas]
1564 2821 1596 2871 et
1609 2832 1631 2895 p
1645 2818 1756 2894 p⁰anes

370 2921 423 2996 “[
805 2917 996 3004 ]querinrus
1018 2929 1050 2981 et
1063 2917 1097 2980 in
1118 2917 1164 2981 vii
1186 2930 1218 2980 et
1231 2919 1265 2981 in
1279 2917 1356 3003 spoli
1379 2919 1481 2998 [etin
1496 2909 1663 2985 universali
1678 2921 1757 2986 etin

370 3036 392 3071 “
406 3027 580 3113 speciali.]’'

327 3141 407 3228 Agit
435 3139 476 3203 de
507 3138 730 3218 Productione,
769 3139 938 3226 Principiis
972 3162 1089 3219 rerum,
1133 3139 1310 3218 Creatione,
1346 3141 1569 3220 Generatione,
1612 3141 1761 3225 Materib,

372 3250 500 3329 Formi,
524 3251 628 3317 Causa
651 3251 1762 3342 Efficiente-Conservativd-Totali-Partiali—Univoci—-AEqui-

368 3363 457 3441 voci,
474 3362 650 3428 Causarum
664 3361 793 3440 circulo,
809 3362 950 3426 Veritate
963 3362 1076 3446 primae
1092 3361 1216 3428 causo.

328 3473 439 3540 Habet
452 3473 527 3538 folia
544 3483 605 3550 10;
627 3473 683 3538 sed
697 3473 821 3538 ridetur
835 3473 868 3536 in
884 3472 948 3538 fine
962 3471 1173 3559 imperfectus.

330 3586 471 3673 Scriptus
485 3597 533 3650 est
546 3585 637 3652 lineis
652 3585 809 3652 continuis
817 3609 826 3662 3
848 3584 947 3650 literis
962 3585 1100 3663 minutis,
1117 3585 1267 3662 cursivis:
1289 3596 1362 3650 ante
1377 3605 1477 3650 anuos
1491 3585 1615 3652 circiter
1630 3597 1703 3654 800.

184 3954 246 4027 ts.
273 3947 423 4023 Parasz
440 3969 490 4021 nn
507 3945 645 4020 Venus
662 3969 709 4020 ar
727 3967 821 4021 narr.

275 4107 305 4163 1.
329 4097 467 4163 Perses
483 4113 526 4160 ns
542 4093 667 4159 Vrnsrs
683 4113 727 4158 ns
744 4092 871 4158 Forma
886 4111 1060 4158 niernum.

332 4207 460 4272 Titulus
474 4205 526 4270 hic
541 4215 589 4269 est
603 4226 729 4268 amana
744 4202 891 4281 secundi,
908 4203 964 4267 sed
979 4199 1118 4288 antiqui.

333 4319 416 4383 Sunt
431 4316 591 4382 For-multe
607 4313 821 4400 Epistolarum
835 4312 941 4392 variae,
965 4312 1005 4377 de
1030 4311 1124 4376 rebus
1140 4321 1204 4376 tarn
1217 4310 1363 4396 publicis,
1386 4333 1481 4400 qnam
1495 4313 1643 4400 privatis:
1666 4328 1702 4382 ut
1720 4339 1761 4383 ex

375 4428 522 4494 Indiculo
535 4426 670 4514 praefixo
684 4425 833 4513 colligere
846 4423 930 4488 licet.

333 4541 387 4608 Sic
400 4540 572 4626 incipiunt:
598 4546 619 4581 ‘⁶
631 4540 874 4626 Argumentum.
919 4535 972 4600 De
989 4533 1153 4614 Amicitiis,
1167 4534 1456 4622 compassionibus,
1473 4549 1506 4602 et
1517 4537 1763 4626 vituperationi·

378 4659 400 4694 ‘⁸
410 4652 470 4717 bus
484 4649 709 4727 amicabilibus,
726 4649 844 4713 amicus
858 4647 994 4712 amicum
1009 4645 1199 4735 redarguit’'

334 4772 356 4807 ‘⁶
367 4761 633 4843 Archidfiacono]
649 4758 808 4846 Epolitar'r.
853 4756 942 4834 Quid
956 4767 988 4821 et
996 4756 1129 4844 qualiter
1145 4765 1167 4800 “
1177 4755 1298 4823 bomini
1312 4781 1419 4825 rerum
1429 4761 1650 4848 temporalium
1660 4763 1764 4850 adipe,

379 4884 401 4918 “
415 4887 447 4940 et
461 4874 602 4940 sublimis
616 4865 705 4958 apice
719 4870 888 4958 dignitatis,
904 4870 937 4932 in
952 4869 1085 4934 alterum
1099 4881 1221 4934 manto
1234 4871 1337 4936 virum
1351 4873 1551 4938 scribam’t.

337 4989 480 5073 Scriptus
494 4998 542 5052 est
555 4985 645 5050 lineis
659 4982 786 5059 divisis:
805 4980 904 5045 literis
917 4981 1101 5059 minoribus,
1116 4981 1282 5068 implicatis
1296 4985 1379 5048 inter
1392 5007 1445 5062 se;
1468 4995 1541 5050 ante
1556 5005 1655 5050 annos
1670 5008 1766 5073 supra

381 5107 455 5164 8⁰0.

339 5208 451 5274 Habet
462 5207 538 5272 folia
553 5215 605 5274 52.

338 5317 447 5405 Hujus
461 5318 534 5383 libri
555 5319 637 5381 inter
653 5317 739 5382 Petri
755 5316 795 5382 de
812 5317 922 5383 Vincis
945 5319 1062 5404 scripta
1082 5339 1148 5382 non
1168 5317 1379 5382 meminerunt
1402 5317 1576 5402 Scriptores
1593 5317 1768 5388 Bibliothe-

381 5430 473 5516 carij:
497 5430 602 5516 itaque
623 5429 761 5495 dubitari
779 5442 883 5516 potest
902 5448 943 5494 an
965 5431 1031 5516 ejus
1055 5429 1224 5516 Scriptoris
1249 5428 1297 5492 sit
1343 5427 1494 5513 Ejusdem
1514 5429 1642 5515 quidem
1657 5412 1768 5498 Dicta·

379 5543 466 5608 mina
490 5541 558 5629 (qui
576 5541 675 5627 possit
690 5539 793 5606 ‘videri
814 5541 900 5606 idem
921 5563 989 5608 esse
1010 5541 1105 5626 liber)
1126 5542 1160 5605 in
1183 5541 1338 5628 catalogo
1360 5539 1536 5606 Bodleiano
1557 5542 1767 5610 inveniuntur.

382 5653 447 5720 Sed
469 5675 579 5720 revera
601 5653 783 5718 Dictamina
799 5653 880 5718 nibil
900 5653 986 5718 aliud
1009 5665 1083 5717 sunt
1103 5673 1199 5740 quam
1219 5649 1361 5736 ejusdem
1382 5651 1519 5716 auctoris
1539 5651 1710 5737 Epistola:
1734 5667 1769 5720 nt

384 5765 470 5830 Nota
492 5766 525 5829 in
547 5763 611 5830 fine
634 5785 743 5829 earum
766 5763 943 5850 subscripta
964 5763 1099 5830 indicat:
1122 5764 1180 5829 etsi
1203 5762 1326 5828 Carens
1351 5763 1442 5828 aliter
1462 5765 1595 5830 sensisse
1617 5765 1768 5834 rideatur.

383 5879 467 5944 Vide
482 5877 563 5942 inira
577 5883 666 5942 tract.
682 5887 713 5941 t.

341 5993 454 6057 Petrus
468 5989 508 6054 de
524 5989 642 6066 Vineis,
661 5985 813 6052 Friderici
829 5986 871 6052 2⁶¹
895 5987 1120 6067 Cancellarius,
1135 5989 1223 6074 cujus
1239 5990 1314 6075 jura
1328 5998 1438 6053 contra
1454 5987 1615 6054 Pontificis
1632 5987 1769 6055 Romani

382 6100 600 6188 usurpationes
614 6097 741 6166 strenue
755 6100 976 6188 propugnavit,
990 6099 1097 6166 floruit
1111 6097 1194 6164 circa
1208 6097 1297 6164 ab.
1314 6105 1408 6166 1280.
1452 6122 1482 6165 r.
1499 6099 1594 6165 Cave.
