4630 7860
482 1005 525 1086 j
1153 1045 1358 1098 remmio.

481 1317 600 1391 batur.
662 1310 820 1400 Deinde,
847 1309 1018 1386 undecim
1044 1309 1147 1384 annis
1176 1308 1324 1395 exactis,
1352 1305 1586 1382 Dunelmiam
1613 1325 1789 1394 reversus,
1815 1304 1884 1402 ipsi
1916 1302 2050 1380 ibidem

484 1512 626 1590 Scholae
644 1514 704 1590 cui
719 1513 827 1588 anted
843 1523 997 1612 praeerat
1013 1509 1142 1584 itemm
1160 1508 1375 1608 praepositus
1394 1517 1459 1582 est.

354 1729 462 1815 1707.
532 1719 688 1806 Interea,
716 1712 890 1802 libellum,
918 1735 1027 1814 quem
1040 1707 1161 1786 ,tinio
1185 1709 1327 1784 tantirm
1357 1707 1569 1806 cognovisse
1595 1707 1698 1780 nobis
1728 1706 1893 1803 contigit,
1920 1704 2052 1782 Canta·

443 1937 447 1948 ·
483 1914 610 2013 brigia
634 1909 872 1988 edideras-‘⁶
886 1906 1054 2010 Syntaxis
1077 1901 1236 2004 Anglice
1257 1907 1289 1978 δι
1313 1901 1456 1991 Latine,
1480 1904 1513 1980 δι
1537 1898 1719 1974 Prosodia.
1784 1899 1907 1974 Editio
1929 1899 2052 1976 altera.

486 2109 671 2214 Adjicitur
700 2107 746 2182 de
771 2105 913 2206 Figuris
939 2101 1195 2178 Grammaticis
1223 2111 1262 2176 et
1288 2097 1493 2174 Rhetoricis
1520 2093 1681 2172 Libellus
1706 2097 1744 2170 in
1770 2121 1876 2170 usum
1909 2096 2052 2173 Schola

487 2307 825 2394 Novocunensisr’

535 2505 748 2610 Insequenti
763 2527 870 2591 anuo,
897 2523 981 2576 cum
1002 2498 1081 2599 jam
1105 2493 1346 2572 sacerdotium
1373 2491 1544 2578 irrivimet,
1571 2500 1609 2564 et
1631 2489 1747 2588 gradal
1777 2489 1825 2564 A.
1843 2490 1897 2565 M.
1926 2488 2054 2566 fuisset

485 2710 688 2809 insignitus,
719 2703 768 2780 ad
790 2700 974 2778 tucinam
1004 2693 1128 2772 Sancti
1152 2689 1314 2768 Oswaldi
1338 2714 1361 2764 a
1383 2689 1537 2764 Decano
1561 2698 1600 2763 et
1617 2685 1787 2784 Capitulo
1812 2685 2055 2762 Dunelmensi

487 2919 637 2988 vocatus
654 2916 720 2980 est.

547 3107 658 3184 Circa
689 3101 760 3176 hoc
798 3110 952 3196 tempus,
993 3089 1229 3168 Bibliothecae
1266 3083 1411 3160 Decani
1436 3092 1474 3156 et
1511 3081 1780 3156 Canonicorum
1817 3081 1854 3154 in
1885 3079 2051 3180 Collegio

489 3302 732 3384 Dunelmensi
755 3298 797 3373 lit
814 3287 1122 3370 Prefectus-nec
1146 3287 1251 3374 lrevo,
1277 3294 1320 3360 ut
1341 3279 1497 3370 videtur,
1524 3281 1667 3372 omine,
1696 3279 1830 3378 quippe
1855 3282 1919 3377 qui
1943 3280 2057 3354 multa

479 3504 612 3606 potuit
639 3503 678 3574 in
694 3497 814 3572 lucem
830 3491 1003 3595 proferre,
1030 3513 1113 3590 quae
1136 3485 1199 3560 diu
1222 3481 1361 3558 inculta
1378 3481 1581 3580 jacuerant,
1609 3476 1729 3552 forsan
1746 3489 1784 3552 et
1808 3479 1846 3548 in
1871 3489 2056 3575 posterum

491 3699 690 3784 latuissent,
716 3693 785 3767 nisi
807 3689 901 3764 forte
927 3683 1040 3762 oculis
1065 3681 1144 3780 ejus
1169 3675 1335 3752 fidelibus
1359 3671 1513 3748 fuissent
1536 3671 1711 3770 subjecta.
1763 3671 1848 3760 Quo
1865 3672 1986 3748 studio
2009 3673 2057 3746 ad

492 3901 564 3978 hoc
586 3919 719 3972 munus
735 3887 945 3968 obeundum
961 3907 1000 3958 se
1025 3876 1230 3964 contulerit,
1249 3873 1349 3948 testis
1365 3823 1430 3947 'est
1453 3871 1648 3970 Catalogus
1671 3871 1747 3968 ipse
1773 3869 1892 3963 MSS,
1920 3871 2059 3970 duplici

492 4100 594 4185 serie,
621 4091 772 4168 classici
786 4084 931 4182 nempe,
957 4093 995 4155 et
1018 4073 1256 4176 alphabetica,
1283 4069 1500 4168 dispositus,
1527 4069 1679 4165 insigne,
1705 4065 1834 4166 procul
1858 4065 1981 4156 dubio,
2007 4069 2059 4141 in·

492 4291 641 4370 dusuiae
657 4283 764 4362 simul
779 4307 823 4359 ac
839 4279 1043 4380 sagacitatis
1059 4268 1278 4370 exemplum.

542 4489 636 4566 Satis
652 4487 721 4562 erit
737 4482 885 4557 fortasse
902 4477 932 4552 si
944 4475 990 4550 de
1003 4475 1074 4548 hoo
1087 4468 1274 4566 Catalogo,
1287 4465 1365 4565 jam
1377 4461 1524 4536 tandem
1537 4459 1633 4560 typis
1645 4457 1827 4548 mandato,
1846 4457 2054 4548 dixerimus,

483 4697 658 4766 autorem
674 4681 753 4784 ejus
776 4701 852 4753 non
876 4673 992 4750 solum
1016 4677 1199 4745 trecentos
1222 4660 1366 4738 codices
1384 4657 1544 4746 Petrum,
1571 4655 1920 4746 Commentatorum,
1939 4654 2059 4730 Philo-

482 4881 702 4988 sophorum,
720 4867 1068 4955 iurisconsultorum
1086 4866 1152 4940 &c
1178 4859 1224 4936 ab
1241 4881 1320 4934 aevo
1338 4853 1489 4930 AElfridi
1507 4853 1621 4952 Regis
1637 4847 1752 4951 usque
1768 4851 1817 4925 ad
1833 4873 1938 4925 suum
1956 4873 2057 4924 secu-

490 5081 581 5168 lum,
592 5187 596 5206 ἱ
606 5077 644 5152 in
661 5073 805 5150 ordines
821 5065 1019 5151 reduxisse,
1047 5055 1172 5136 titulos
1189 5059 1222 5134 u
1246 5061 1460 5152 argrrmenta
1475 5059 1629 5136 notasse,
1655 5045 1772 5144 prima
1787 5041 2000 5142 plenamque
2025 5043 2058 5118 ir

492 5289 674 5383 postrema
689 5271 801 5348 uerba
823 5262 1071 5364 excerpsisse,
1099 5254 1226 5331 verim
1242 5252 1362 5336 etiarm
1389 5247 1452 5322 ubi
1474 5244 1596 5345 plures
1611 5243 1650 5318 in
1675 5238 1805 5316 eodem
1823 5239 1950 5314 codice
1967 5251 2059 5313 trac-

492 5487 590 5552 tatus
606 5469 937 5567 compingerentur,
960 5453 1121 5556 singulos
1147 5473 1310 5550 quosque
1331 5441 1514 5522 indefesso
1530 5441 1653 5516 labore
1679 5437 1931 5538 descripsisse:
1958 5433 2058 5508 Doc-

494 5674 641 5750 tissimre
666 5669 814 5764 insuper
839 5659 886 5734 dc
914 5666 1023 5732 aetate
1050 5650 1157 5728 MSS.
1185 5647 1407 5748 adjiciuntur
1431 5639 1677 5740 conjectasse,
1704 5635 1792 5732 quin
1810 5641 1848 5705 et
1863 5629 2058 5730 aliquando

496 5871 731 5972 Scriptorum,
757 5859 816 5937 vel
840 5853 1046 5934 Scribarum
1062 5849 1234 5950 ipsorum,
1261 5843 1399 5917 notitiae
1424 5847 1674 5940 asperguntur,
1701 5853 1795 5932 quae,
1814 5828 2057 5931 qualicunque

497 6065 637 6146 dudum
652 6059 754 6136 sonte
772 6056 955 6142 derivate,
972 6049 1028 6124 his
1044 6041 1171 6134 saltem
1188 6035 1411 6138 temporibus
1425 6029 1526 6111 haud
1540 6030 1642 6132 parvi
1657 6025 1836 6106 faciendae
1852 6035 1951 6102 sunt.
