4634 7874
482 1049 556 1118 409
1012 1061 1169 1116 comens
1188 1061 1444 1116 unuuscnrrrr

199 1169 401 1246 arraunrx

199 1259 483 1350 ’8811111106

516 1277 568 1336 88.
591 1267 645 1334 De
659 1265 797 1356 quodam
820 1265 998 1332 Nauternm
1020 1267 1115 1345 socio,
1143 1264 1323 1344 AEilbricto,
1348 1265 1389 1330 de
1411 1261 1574 1330 Dunelmo
1597 1261 1804 1354 Genealogioe
1819 1268 1976 1356 originem

594 1380 738 1458 ducente,
755 1379 810 1466 qui
824 1378 942 1444 melum
957 1379 1045 1444 nevis
1059 1379 1210 1457 escendit,
1226 1391 1259 1443 et
1272 1378 1377 1443 subito
1389 1377 1423 1440 in
1438 1377 1518 1440 mori
1533 1375 1668 1454 corruit3
1689 1377 1823 1466 qualiter
1840 1381 1976 1448 Sanctus

596 1491 790 1557 Cuthbertus
805 1513 878 1556 euru
893 1491 1019 1570 eruerit,
1036 1503 1068 1555 et
1082 1491 1174 1555 sociis
1188 1489 1252 1556 suis
1267 1487 1475 1554 redonaverit.
1518 1511 1551 1574 p.
1568 1495 1619 1558 78.

517 1639 568 1696 88.
590 1628 644 1696 De
658 1629 790 1694 novibus
805 1627 928 1693 duobus
943 1629 975 1692 in
990 1627 1095 1692 littore
1109 1625 1248 1692 anchore
1262 1625 1426 1714 colligetis,
1447 1637 1479 1690 et
1493 1625 1728 1710 tempestatibus
1750 1627 1875 1716 longius
1890 1632 1977 1696 evul-

600 1742 847 1832 sis-quomodo
863 1743 901 1808 B.
924 1741 1091 1808 Cutlrberti
1114 1741 1327 1808 misericordie
1348 1739 1452 1806 subito
1474 1761 1527 1804 eas
1548 1739 1587 1804 ad
1603 1751 1730 1826 portum
1752 1741 1785 1804 in
1802 1741 1905 1809 Ferue
1927 1767 1977 1810 re·

600 1855 728 1920 duxerit
743 1859 800 1922 &o
844 1877 876 1941 p.
893 1865 945 1922 80.

522 2002 574 2058 84.
597 1991 769 2070 Quomodo
784 1991 930 2058 dantibus
947 1992 1094 2056 Farinam
1109 2011 1168 2078 pro
1185 1989 1223 2056 B.
1241 1989 1407 2055 Cuthberti
1430 2009 1537 2054 emore
1554 1989 1726 2068 Fratribus,
1749 1993 1889 2077 quotidie
1910 2017 1977 2060 am-

600 2107 683 2192 plius
698 2106 931 2182 redundaverit,
944 2119 975 2170 et
984 2103 1087 2190 sepius
1099 2103 1261 2190 dispertite
1272 2103 1390 2191 augeri,
1401 2103 1455 2168 sed
1467 2103 1599 2167 diminui
1610 2125 1672 2167 non
1684 2105 1830 2190 potuerit.
1874 2130 1907 2194 p.
1924 2119 1975 2176 89.

519 2251 570 2308 85.
594 2241 740 2318 Qualiter
755 2241 881 2330 quidum
900 2240 1137 2306 Predicotorum
1159 2239 1323 2304 denarium
1346 2237 1388 2304 ad
1410 2237 1551 2304 Theeem
1577 2239 1794 2328 Reliqulerurn
1818 2241 1856 2308 B.
1874 2243 1975 2310 Cutlr.

602 2355 682 2420 berti
699 2355 729 2418 in
747 2355 867 2420 Eccles.
883 2353 1034 2420 Dunelm.
1050 2351 1147 2418 furrari
1161 2353 1270 2432 voluit,
1285 2351 1341 2418 sed
1356 2351 1628 2418 diutiuslaborens
1638 2375 1800 2442 nunquam
1815 2355 1905 2422 illum
1919 2357 1975 2423 eb-

602 2465 725 2532 stulisse
738 2467 902 2552 prevaluit
945 2489 977 2552 p.
994 2475 1045 2532 et.

524 2611 575 2670 86.
599 2601 745 2680 Qualiter
762 2601 954 2668 Cuthbertus
970 2602 1093 2668 cuidem
1111 2601 1257 2668 Sacristae
1272 2625 1329 2668 suo
1344 2603 1375 2666 io
1392 2601 1513 2668 Eccles.
1530 2601 1681 2668 Dunelm.
1697 2603 1728 2668 in
1744 2605 1811 2670 visu
1821 2607 1976 2692 apparuit,

602 2729 633 2780 et
648 2713 810 2780 candelam
826 2737 866 2780 ne
882 2715 1065 2780 vestimenta
1079 2737 1136 2780 sua
1150 2715 1410 2780 comburerentur
1424 2715 1565 2804 extingui
1580 2716 1764 2802 preceperit
1809 2739 1841 2803 p.
1858 2727 1909 2784 85.

520 2863 571 2924 87.
596 2853 741 2930 Qualiter
758 2855 790 2917 S.
808 2851 1002 2918 Cuthbertus
1019 2852 1187 2918 Sacristem
1202 2851 1339 2917 eundem
1353 2852 1554 2942 evigilaverit,
1571 2866 1657 2916 etue
1672 2851 1801 2917 lucerna
1814 2853 1977 2942 negligen-

599 2965 659 3030 tius
675 2977 859 3030 ornamento
871 2987 928 3028 sue
942 2962 1103 3028 invaderet
1117 2963 1320 3028 commonuit.
1364 2985 1396 3048 p.
1413 2973 1464 3029 86.

521 3111 572 3168 88.
595 3101 648 3168 De
663 3101 758 3166 fratre
773 3101 909 3188 quodam
932 3101 963 3164 iu
988 3099 1129 3164 Ecclesid
1153 3098 1362 3164 Dunelmensi
1382 3098 1540 3186 vigilante,
1567 3099 1675 3188 quiin
1703 3100 1813 3166 elidem
1839 3101 1977 3166 celebres

599 3213 713 3278 choros
728 3213 856 3290 audivit,
872 3225 904 3278 et
925 3225 1059 3300 quatuor
1083 3209 1257 3296 Episcopos
1280 3210 1465 3296 (Aidonnm,
1491 3209 1713 3289 Cotbbertum,
1738 3211 1931 3278 Eadbertum
1945 3225 1977 3278 et

601 3323 850 3404 AEdclvvoldum)
865 3322 906 3388 de
928 3335 1000 3408 post
1013 3323 1111 3386 altare
1134 3321 1359 3388 descendentes
1373 3345 1411 3388 ao
1426 3321 1639 3412 regredientes
1653 3325 1825 3410 prospexit.
1874 3347 1906 3409 p.
1923 3333 1975 3394 87.

523 3469 574 3526 89.
598 3457 651 3524 De
666 3457 794 3522 Vexillo
810 3457 843 3522 S.
857 3455 1034 3534 Cutlrberti,
1051 3455 1112 3534 cui,
1130 3455 1221 3522 Urbe
1232 3454 1382 3521 Dunelm.
1395 3455 1540 3521 incendio
1551 3469 1711 3542 pereunte,
1721 3456 1871 3522 obsistere
1887 3458 1976 3548 ignes

602 3592 667 3634 non
682 3581 869 3656 potuerant3
885 3567 940 3632 sed
956 3591 1014 3632 nec
1031 3567 1108 3633 illud
1123 3567 1287 3632 exurendo
1300 3565 1406 3632 ledere
1421 3567 1653 3654 presumebant.
1696 3591 1727 3654 p.
1743 3578 1795 3634 89.

524 3718 576 3774 40.
601 3705 667 3784 Qui
676 3704 717 3770 de
729 3703 891 3768 Fratribus
900 3703 1025 3788 Corpus
1037 3703 1069 3768 S.
1082 3701 1249 3768 Cutlrberti
1258 3702 1429 3768 levaverint
1440 3703 1489 3768 vel
1500 3703 1761 3770 contrectaverint
1772 3708 1869 3787 (anno
1879 3713 1891 3769 l
1901 3708 1975 3788 104)

601 3831 633 3884 et
644 3829 770 3906 queutoe
783 3815 961 3882 Sanctitatis
976 3815 1108 3902 vestigia
1121 3816 1178 3880 Sec.
1225 3813 1328 3879 Fuere
1343 3814 1506 3904 Turgotus
1520 3815 1622 3894 Prior,
1640 3813 1798 3878 Alduiuus
1812 3813 1976 3900 Subprior,

604 3928 793 4006 Leofwinus,
813 3926 996 4015 Wilringus,
1014 3924 1189 3990 Godvinus
1204 3937 1236 3988 et
1251 3925 1416 3990 Osbernus
1444 3926 1599 4005 Sncristoe,
1628 3925 1789 3990 Henricus
1812 3927 1841 3992 St
1871 3925 1978 3990 Willi-

598 4039 698 4104 elmus
713 4049 924 4126 cognomento
940 4033 1127 4124 Hevegrun,
1144 4033 1269 4122 utrique
1285 4035 1520 4114 Archidiaconi,
1539 4049 1571 4101 et
1593 4035 1731 4124 Algarus
1745 4049 1855 4122 postea
1874 4035 1975 4114 Prior,

600 4161 632 4215 et
648 4151 796 4238 Symeon.

521 4295 573 4352 41.
598 4285 723 4362 Quibus
739 4284 931 4350 indumentis
948 4285 1073 4370 Corpus
1089 4283 1167 4348 illud
1184 4282 1419 4349 sanctissimum
1435 4283 1619 4350 obvolutum
1635 4283 1684 4362 sit,
1701 4285 1750 4349 vel
1765 4285 1865 4372 qualis
1879 4308 1978 4352 mem·

598 4399 727 4464 brorum
744 4397 947 4462 contrectatio
962 4397 1011 4461 vel
1026 4396 1189 4482 dispositio
1203 4395 1305 4460 fuerit
1350 4419 1382 4482 p.
1399 4405 1451 4462 98.

524 4543 575 4600 40.
600 4533 653 4600 De
671 4535 738 4619 ejus
762 4531 998 4598 pontificalibus
1020 4531 1171 4618 insigniis,
1195 4543 1227 4596 et
1248 4533 1336 4618 cujus
1368 4531 1459 4616 pretii
1482 4531 1592 4596 eedem
1614 4531 1685 4610 siut,
1709 4531 1832 4611 coloris,
1856 4533 1976 4620 gretie,

601 4646 783 4724 venustatis,
798 4643 848 4709 vel
862 4657 988 4730 quantoe
1003 4641 1255 4729 pulchritudinis,
1272 4657 1365 4732 etque
1380 4657 1514 4708 texturoe
1528 4643 1746 4730 permirabilis.
1791 4667 1823 4729 p.
1841 4653 1892 4710 95.

522 4793 574 4848 48.
598 4781 651 4848 De
666 4781 749 4846 illius
772 4779 882 4846 Theou
904 4779 1023 4860 intimi,
1047 4801 1140 4868 quam
1168 4779 1303 4844 mirandi
1328 4780 1453 4868 generis
1478 4780 1658 4846 diversitate
1689 4781 1730 4846 sit
1752 4781 1927 4868 compositu
1947 4793 1979 4846 et

602 4893 720 4960 celate.
766 4915 797 4978 p.
814 4901 866 4958 98.

523 5039 577 5095 44.
600 5027 746 5106 Qualiter
760 5027 899 5116 qnidam,
915 5027 1026 5112 spiritu
1041 5027 1156 5092 acerbo
1178 5025 1325 5112 repletus,
1347 5041 1424 5112 potu
1440 5028 1555 5092 lavacri
1580 5029 1796 5116 Reliquinrum
1820 5029 1853 5094 S.
1879 5029 1980 5094 Cuth-

602 5143 685 5208 berti
706 5143 739 5206 in
763 5140 884 5206 Eccles.
908 5139 1059 5204 Dunelm.
1082 5139 1122 5202 sit
1147 5139 1249 5203 statim
1280 5137 1438 5204 liberatus.
1485 5139 1569 5206 Hoec
1590 5141 1696 5226 plures
1711 5141 1807 5228 ipsius
1830 5139 1981 5206 Ecclesioe

605 5254 732 5319 Fratres
747 5252 880 5318 vidimus
895 5255 953 5317 lite.
996 5273 1028 5336 p.
1045 5259 1097 5316 99.

522 5401 573 5458 45.
599 5391 744 5468 Qualiter
765 5389 892 5454 flemme
913 5388 1041 5474 copioso
1062 5387 1102 5451 ed
1125 5385 1221 5472 pedes
1244 5386 1378 5472 sepulcri
1404 5387 1495 5465 factu,
1519 5409 1578 5453 nec
1599 5411 1721 5474 pannos
1736 5389 1851 5478 quibus
1866 5387 1980 5454 inhesit

601 5503 742 5592 contigit,
759 5524 817 5566 nec
832 5501 951 5588 aliquid
965 5499 1082 5565 laesisse
1096 5497 1260 5584 prevaluit.
1304 5521 1336 5583 p.
1356 5507 1426 5564 100.

523 5651 575 5707 46.
599 5640 706 5718 Quem
723 5640 804 5704 miro
818 5637 915 5704 modo
931 5637 1065 5704 Sanctus
1088 5635 1277 5701 llrendanus
1293 5635 1331 5700 B.
1357 5635 1544 5713 Cuthberto,
1568 5637 1653 5722 epud
1675 5635 1905 5722 Brontespethe
1927 5637 1983 5702 nbi

601 5751 775 5817 Ecclesiam
790 5773 849 5816 suo
864 5750 983 5814 nomini
1005 5749 1140 5813 dicatam
1162 5745 1282 5826 hebuit,
1305 5748 1441 5826 cesserit,
1465 5763 1497 5812 et
1522 5748 1682 5834 quomodo
1704 5748 1916 5834 compeditum
1941 5748 1982 5812 de

604 5885 729 5929 carcere
751 5863 869 5928 ibidem
892 5861 1047 5942 eduxerit,
1070 5873 1103 5927 et
1123 5873 1196 5926 ante
1211 5859 1299 5924 illurn
1322 5859 1363 5924 ed
1380 5859 1511 5946 jannem
1528 5857 1648 5924 Eccles.
1671 5859 1824 5926 Dunelm.
1846 5881 1983 5946 praeoes-

607 5976 691 6040 serit.
735 5997 767 6061 p.
785 5983 856 6042 101.
