4640 7842
508 970 580 1048 190
1028 989 1187 1044 comcss
1211 987 1466 1042 usuuscmrrr

276 1169 319 1255 Β.
339 1179 481 1266 IV.16.
506 1194 537 1258 7.
558 1185 1125 1256 DsPorosmnusmMsusuam
1784 1191 1854 1260 rot.
1873 1205 1943 1266 106.
1957 1199 1992 1266 b.

287 1277 408 1328 uuum

567 1302 621 1368 Sic
635 1301 763 1387 incipit:
789 1307 810 1343 “
821 1299 1003 1366 Ponderum
1017 1315 1050 1367 et
1065 1301 1290 1368 Mensurarum
1300 1305 1391 1390 juvat
1404 1321 1596 1390 cognoscere
1609 1300 1809 1368 modum’'—

551 1413 719 1480 Tmototus
733 1423 781 1478 est
794 1433 970 1500 anonymis
984 1415 1091 1480 nescio
1106 1417 1194 1502 cujus
1208 1416 1380 1501 scriptoris.

566 1523 764 1610 Epiphanius
778 1525 903 1609 scripsit
916 1525 1032 1592 librum
1045 1525 1087 1592 de
1100 1525 1212 1593 eodem
1226 1538 1432 1616 argumento:
1456 1525 1512 1592 aed
1526 1524 1622 1590 ulium
1638 1527 1679 1592 cb
1693 1526 1765 1594 hoc.

509 1671 540 1726 8.
564 1661 630 1726 Sc‘r
647 1659 780 1726 Onosis
796 1661 945 1726 Annrrm
960 1680 1070 1726 nrcrn.
1803 1665 1856 1732 sot
1874 1677 1946 1734 llo.

567 1771 723 1860 Prologus
738 1771 783 1836 sic
797 1771 925 1857 incipit:
950 1771 1124 1837 “Domino
1145 1783 1178 1836 et
1194 1771 1280 1837 Petri
1300 1784 1348 1838 ter
1368 1773 1423 1860 pio
1439 1771 1586 1838 Pontifici
1601 1795 1675 1838 suus
1690 1773 1743 1840 ille
1759 1775 1993 1844 Monachorum

611 1891 633 1925 “
647 1883 773 1948 iniimus
788 1883 820 1947 in
836 1883 978 1948 Domino
991 1895 1175 1970 perpetuam
1190 1884 1351 1950 sulutem.”

653 1994 738 2061 RB.
762 1995 827 2061 Pro
841 2007 890 2060 ter
903 1995 958 2082 pio
972 1995 1087 2062 rectirls
1101 1995 1216 2085 legitur
1231 1996 1264 2060 in
1278 1995 1369 2061 editis
1385 1994 1553 2081 Turpioni.

570 2115 592 2150 “
607 2105 769 2184 Recolrtis,
786 2105 927 2172 Domine
942 2107 995 2184 mi,
1014 2107 1091 2194 quid
1106 2107 1226 2172 dudum
1237 2108 1400 2194 jusseratis
1415 2105 1522 2170 mihi.”

567 2215 666 2282 Liber
679 2217 800 2302 primus
815 2218 859 2282 sic
874 2217 1001 2304 incipit:
1026 2225 1047 2259 ‘⁶
1060 2219 1181 2284 Auctor
1196 2217 1291 2306 igitur
1307 2230 1339 2282 et
1352 2217 1373 2283 J
1375 2215 1458 2282 udex
1472 2215 1636 2281 bominum
1651 2217 1806 2283 Deus''-

568 2327 650 2394 Sunt
665 2327 789 2392 Odonis
812 2327 1027 2393 Clunieoensis
1052 2327 1264 2394 collationum
1286 2327 1359 2392 libri
1380 2340 1462 2392 tres:
1486 2326 1540 2414 qui
1561 2326 1638 2392 editi
1659 2329 1779 2394 suntin
1795 2329 1992 2402 Bibliotbeod

613 2439 744 2504 Petrum
759 2438 956 2518 Latinorum,
974 2437 1080 2504 Tomo
1097 2447 1147 2518 10,
1163 2461 1236 2528 peg-
1252 2445 1326 2506 2³6.

567 2549 695 2616 ‘litulus
710 2551 899 2616 adscribitur
912 2551 945 2616 iu
967 2550 1031 2616 fine
1052 2551 1144 2627 libri3
1167 2550 1253 2616 etin
1276 2549 1423 2616 ludiculo
1443 2561 1642 2631 moelatuum,
1665 2552 1721 2640 qui
1741 2575 1762 2618 a
1781 2555 1883 2640 pffi
1897 2579 1993 2623 mauu

613 2661 708 2728 luisse
723 2662 856 2728 ridetur.
1186 2679 1192 2690 ·

514 2831 544 2889 9.
569 2821 690 2889 Snsuo
706 2843 805 2888 usar:
821 2821 997 2887 Jonsums
1013 2819 1173 2886 Errscom
1189 2838 1233 2885 nn
1249 2819 1420 2898 Asssmm
1444 2819 1498 2885 ubi
1514 2819 1622 2886 D'erid
1638 2819 1765 2889 Putrem
1779 2825 1995 2912 persequitur:

614 2947 646 2998 et
659 2934 701 2998 de
714 2933 815 3019 prelio
828 2933 961 3020 fugiens,
977 2929 1117 3018 obligato
1131 2943 1259 3018 gutture
1274 2931 1369 2994 remis
1386 2931 1507 2996 arboris
1522 2931 1648 2997 interiit.
1810 2935 1864 3000 fol.
1883 2946 1952 3004 185.

573 3046 625 3110 Sic
641 3045 767 3130 incipit:
793 3053 814 3084 ‘⁶
829 3043 970 3108 Perdidit
985 3041 1127 3107 Absalon
1142 3041 1375 3107 scelestissimus
1390 3045 1592 3108 mentem”-

570 3155 703 3244 Legitur
717 3157 749 3219 in
767 3155 914 3220 Editione
930 3153 1042 3220 Latius
1058 3175 1189 3239 operum
1213 3152 1430 3241 Chrysostomi
1446 3153 1562 3241 (Paris.
1581 3157 1688 3239 1614.)
1733 3153 1839 3224 Tomo
1857 3169 1910 3224 1¹¹⁰
1925 3160 1995 3227 Col.

615 3273 698 3342 tas:
721 3265 775 3330 sed
791 3265 906 3330 nonin
924 3265 1028 3351 Sevilij
1044 3263 1181 3330 editione
1197 3265 1322 3331 Graecd.

495 3440 544 3498 1ο.
569 3429 740 3494 Luscinus
762 3449 863 3494 serr:
879 3428 1040 3495 Msnmur
1065 3428 1223 3516 Errscorr
1247 3449 1291 3494 ns
1314 3449 1497 3513 ousrruoa
1513 3429 1746 3498 Vrarurrnua:
1769 3432 1895 3512 scilicet,
1914 3435 1998 3501 Pru-

615 3541 730 3619 dentis,
749 3541 956 3622 Fomitudme,
973 3540 1208 3627 Temperantiri,
1225 3553 1318 3629 atque
1332 3541 1354 3608 J
1356 3541 1469 3619 ustitisi,
1485 3539 1526 3606 ad
1542 3539 1705 3606 Mironem
1722 3541 1854 3631 Regem.

1659 3651 1713 3716 fol.
1732 3659 1802 3722 187.
1818 3653 1859 3720 ad
1878 3663 1950 3722 190.

574 3765 729 3852 Prologus
744 3764 788 3829 sic
803 3762 931 3848 incipit:
956 3769 978 3803 “
993 3761 1229 3827 Gloriosissimo
1243 3771 1337 3848 atque
1359 3759 1647 3847 tranquilli[ssi]mo
1671 3759 1754 3850 Regi
1770 3763 1892 3829 Mironi
1908 3765 1998 3833 Mar-

618 3875 737 3939 “tinus
751 3872 879 3938 humilis
894 3871 1080 3959 Episcopus.
1126 3870 1200 3936 Non
1216 3871 1338 3960 ignoro,
1354 3871 1593 3936 clementissime
1610 3871 1746 3936 Rex”-

573 3986 723 4053 Occurrit
736 3985 789 4050 hic
803 3983 927 4050 libellus
942 4003 1047 4067 supra,
1065 3981 1106 4046 A.
1123 4001 1167 4046 tv·
1184 3981 1265 4046 Cod.
1284 3973 1334 4050 ll.
1349 3991 1438 4046 tract.
1457 3989 1507 4048 11.

558 4159 680 4226 Omnes
693 4158 728 4222 hi
742 4159 903 4238 tractatis,
926 4167 1059 4244 excepto
1075 4153 1175 4235 Beda.
1196 4155 1237 4222 eb
1252 4153 1362 4222 erdem
1384 4167 1458 4222 sunt
1477 4177 1583 4236 manu,
1606 4169 1639 4222 et
1660 4157 1799 4244 ejusdem
1821 4181 1894 4226 cum
1909 4159 1996 4230 Bedt

515 4270 661 4336 videnmr
675 4269 785 4334 :etatis

436 4613 493 4695 17.
521 4603 653 4679 Ivonrs
671 4603 857 4678 Dncnsrr
874 4607 926 4678 10
940 4625 1075 4678 umms.

561 4751 688 4818 Titulus
703 4750 755 4815 hic
769 4763 817 4816 est
838 4773 858 4814 s
878 4771 974 4814 manu
989 4750 1155 4816 recentiori
1170 4749 1241 4816 ideo
1263 4755 1313 4836 <ut
1326 4749 1463 4833 videtur)
1485 4749 1659 4838 appositus,
1682 4749 1756 4838 quia
1769 4751 1803 4815 in
1824 4751 1918 4818 initio
1927 4753 2001 4820 libri

518 4865 623 4932 statim
637 4875 808 4928 occurrunt
821 4861 893 4928 dure
909 4861 1016 4927 lvonis
1032 4863 1203 4948 Epistulae:
1227 4883 1360 4949 quarum

562 4975 672 5042 Altera
682 4973 798 5058 scripta
811 4985 859 5038 ert
867 4971 908 5037 ad
924 4971 1129 5038 Laurentium
1146 4971 1331 5059 Monesterij
1344 4971 1490 5038 Caritatis
1506 4971 1712 5051 Monachum,
1724 4993 1796 5059 qua:
1810 4971 1854 5038 sie
1870 4973 1997 5060 incipit:

518 5096 541 5131 “
556 5087 776 5174 Inquisitiones
791 5095 844 5148 tue
859 5083 1023 5168 multiplici
1044 5095 1139 5174 egent
1152 5095 1184 5149 et
1197 5083 1321 5170 prolixe
1335 5085 1602 5170 responsione—

562 5198 673 5264 Altera
687 5197 728 5262 ed
745 5195 917 5262 Radmfim
941 5195 1145 5262 Remensium
1161 5195 1463 5282 Archiepiscopum:
1487 5219 1559 5285 quae
1574 5197 1619 5262 sic
1634 5195 1761 5282 incipit:
1786 5203 1808 5238 “
1823 5195 1969 5274 Quesivit
1981 5220 2002 5263 a

520 5320 542 5354 ‘⁶
555 5333 607 5377 me
621 5309 707 5400 quod
721 5307 832 5376 melirls
846 5330 898 5376 mc
911 5309 999 5374 novit
1012 5319 1115 5374 vestra
1129 5307 1360 5394 pmdentia”-

563 5427 617 5494 Ab
631 5426 692 5492 oliti
707 5447 782 5490 vero
795 5445 891 5488 msnu
906 5423 1086 5489 inscribitur
1102 5421 1280 5488 Burchsrdi
1295 5422 1488 5499 Decretum:
1504 5422 1599 5510 idque
1614 5427 1664 5508 (ut
1677 5422 1804 5509 opinor)
1819 5422 1943 5489 rectilis.

523 5547 586 5618 1²¹⁰,
611 5537 697 5616 Quia
712 5535 818 5602 lvonis
839 5557 919 5621 opus
944 5541 983 5604 17
1005 5547 1128 5603 tanmm
1151 5533 1248 5598 libros
1271 5533 1401 5600 hebuit:
1424 5547 1457 5600 st
1478 5533 1683 5600 Burchsrdus
1704 5533 1829 5619 scripsit
1850 5541 1903 5611 20,
1925 5545 2003 5620 quot

604 5661 678 5714 sunt
691 5649 725 5712 in
738 5660 847 5713 nostro
863 5647 991 5712 Codice.

536 5767 568 5838 2,
601 5757 687 5834 Quia
704 5759 851 5824 Prtefatio
863 5757 957 5844 hujus
971 5757 1045 5822 libri
1065 5755 1128 5822 alia
1149 5767 1196 5822 est
1217 5779 1237 5820 a
1259 5755 1450 5824 Praentione
1465 5757 1582 5838 lvonis,
1605 5754 1706 5844 qualis
1728 5765 2004 5840 representatum

593 5868 652 5934 'du
667 5869 729 5934 Pin
743 5871 775 5933 in
791 5869 865 5934 virt
881 5869 998 5948 lvonis,
1014 5868 1047 5932 in
1063 5867 1258 5934 Bibliothect
1275 5869 1330 5935 sud
1348 5869 1564 5937 Ecclesiusuct
1578 5868 1612 5932 in
1627 5867 1715 5932 initio
1731 5865 1891 5932 eenmria
1909 5872 2005 5931 12¹2:

606 5979 772 6067 qualisque
785 5979 900 6068 legitur
914 5981 947 6044 in
962 5979 1025 6044 elio
1041 5977 1161 6054 Codice
1176 5977 1275 6060 Milo,
1291 6001 1396 6064 supra,
1415 5979 1453 6048 B.
1469 6000 1513 6046 tv.
1530 5977 1611 6046 cod.
1631 5986 1679 6046 11.
1695 5987 1784 6054 tract.
1800 5984 1834 6040 8..
