4634 7874
706 1919 845 2075 W
895 1963 1210 2065 sunnx.

981 2337 1109 2372 -ο-

613 2611 651 2667 Α.
1075 2604 1293 2674 Allertonshire,
1307 2603 1449 2663 churches
1462 2602 1519 2664 and
1532 2603 1648 2682 clnpels
1661 2602 1700 2674 in,
1714 2605 1782 2663 827.

263 2712 423 2793 Abbevyle,
438 2723 577 2774 tractatus
595 2732 680 2793 super
695 2713 837 2794 Epistolos
850 2724 882 2776 et
895 2714 1026 2792 Evange·
1117 2713 1262 2772 Peculiars
1282 2711 1317 2770 of
1332 2713 1383 2771 the
1397 2712 1481 2771 Dean
1501 2711 1560 2770 aud
1573 2712 1700 2789 Chapter
1714 2711 1748 2770 of
1763 2712 1840 2770 Dur-

302 2819 349 2890 ns,
362 2840 427 2899 pag.
444 2824 509 2880 161.
1115 2821 1274 2890 harnam.

262 2927 362 2986 Abbot
375 2927 517 3006 (Archb.)
532 2926 651 2988 Notices
664 2928 701 2997 of,
716 2929 784 2986 381.
1077 2923 1206 2996 Aluredi‚
1232 2925 1342 2985 Comm.
1362 2923 1391 2982 in
1415 2923 1536 2982 Aristot.
1560 2923 1596 2982 de
1617 2922 1841 3002 Vegetabilibus,

262 3032 403 3102 Abdonis,
419 3033 570 3094 Sententia
582 3035 619 3092 de
633 3032 743 3093 ratione
759 3033 884 3112 Spherae,
899 3035 967 3090 397.
1118 3033 1185 3087 287.

214 3177 217 3182 -
263 3136 406 3206 Accursii‚
421 3137 524 3197 Glossa
537 3139 566 3195 in
580 3137 734 3198 Justiniani
749 3137 892 3205 Novellas,
907 3139 974 3194 251.
1079 3136 1230 3205 Ambrosii,
1246 3135 1379 3195 Homiliae
1393 3146 1425 3194 et
1439 3136 1599 3204 Sermones,
1614 3137 1661 3203 56,
1676 3136 1724 3204 98,
1741 3136 1807 3192 178.

262 3243 397 3322 AEgidius
409 3243 564 3313 Romanus,
575 3245 612 3303 de
623 3243 762 3321 regimine
772 3241 945 3320 Principum,
963 3243 1027 3310 167,
1079 3243 1176 3320 Opera
1188 3242 1309 3312 diversa,
1327 3245 1391 3312 102,
1410 3243 1474 3310 103,
1491 3244 1556 3312 176,
1574 3243 1639 3310 177,
1656 3241 1721 3310 178,
1738 3239 1803 3297 185.

303 3352 371 3407 236.
1120 3348 1274 3425 Excerpta,
1288 3349 1356 3405 388.

262 3453 375 3515 AElredi
389 3454 531 3533 (abbatis)
545 3454 681 3523 Humilia,
699 3456 764 3511 132.
1081 3453 1214 3531 Amydsei
1228 3449 1358 3530 (Alex),

264 3561 401 3621 Ailredus
415 3561 495 3638 (abb.
509 3558 713 3638 Rievallensis)
727 3559 764 3618 de
780 3558 893 3628 Anima,
909 3559 976 3614 219.
1120 3557 1315 3618 Grammatica
1329 3557 1462 3623 Hebraea,
1477 3556 1545 3612 292.

263 3668 403 3727 Albertus
417 3669 551 3746 Magnus,
1330 3659 1458 3728 italiana,
1472 3661 1540 3716 313.

303 3775 351 3832 De
366 3773 477 3832 Natura
489 3773 570 3842 Loci,
585 3775 653 3830 305.
1081 3769 1213 3827 Andreas
1227 3765 1324 3847 (Joh.)
1336 3766 1364 3824 in
1374 3765 1461 3826 libros
1472 3763 1679 3835 Decretalium,
1694 3765 1762 3836 260,
1776 3764 1844 3835 271,

271 3931 274 3938 .
303 3881 351 3940 De
366 3880 490 3939 motibus
505 3878 689 3946 Animalium,
704 3876 741 3934 111.
1120 3877 1188 3933 371.

302 3985 351 4044 De
367 3983 474 4062 Spiritu
488 3994 520 4041 et
534 3980 741 4060 Respiratione,
756 3979 793 4038 11).
1082 3979 1196 4048 Auiani,
1211 3979 1348 4057 Epistola,
1359 3979 1408 4036 98.

264 4090 384 4160 Albrici,
400 4089 523 4158 Fabula,
538 4091 605 4146 382.
1122 4085 1206 4144 Praef.
1219 4085 1249 4142 in
1265 4083 1372 4142 Homrl.
1387 4080 1593 4160 chrysostomi,
1611 4083 1676 4140 169.

263 4198 380 4258 Alcuini
395 4195 520 4276 (Albini,
534 4191 669 4273 Alquini)
684 4192 794 4252 Corum.
811 4188 840 4246 in
859 4188 1029 4257 lohannem,
1083 4190 1213 4250 Anselmi
1227 4188 1381 4268 (Archiep.
1396 4187 1495 4266 Cant.)

306 4307 372 4362 161.
1121 4295 1275 4354 Meditatio
1289 4293 1462 4362 Peccatoris,
1479 4294 1545 4350 100.

305 4409 475 4479 Dialectiea,
493 4410 559 4466 179.
1120 4400 1336 4470 Meditationes,
1350 4399 1636 4467 8161168195.
1771 4465 1774 4472 .

302 4515 448 4593 Epistola,
467 4515 532 4571 189.
1121 4507 1267 4566 Allocutio
1288 4505 1326 4566 ad
1349 4503 1472 4564 animans
1496 4503 1665 4573 redemtam,
1690 4503 1756 4573 100,
1780 4501 1844 4574 161,

262 4622 310 4680 De
323 4620 380 4679 fide
396 4618 553 4688 Trinitatis,
568 4617 605 4676 ib.
1162 4614 1227 4669 168.

264 4725 376 4794 Anici,
392 4723 587 4783 Grammatico
599 4721 704 4798 linguae
721 4718 881 4789 Saxonieoe,
898 4719 962 4774 171.
1118 4719 1153 4775 ln
1167 4717 1337 4784 Johannem,
1355 4717 1421 4773 160.

262 4829 422 4891 Alexandri
437 4826 580 4892 Dolensis‚
596 4825 772 4893 Doctrinale,
787 4826 855 4882 310.
1118 4825 1166 4882 De
1180 4821 1368 4900 conceptione
1383 4821 1416 4877 B.
1430 4818 1542 4888 Maria,
1560 4821 1624 4878 168.

262 4935 428 4996 Alexandre
442 4935 470 4992 le
484 4933 593 5002 Grand,
610 4933 756 5004 Romauce
770 4928 807 5000 of,
822 4929 890 4986 312.
1117 4929 1165 4986 De
1181 4923 1427 4994 similitudinibus,
1444 4926 1509 4981 169.

262 5041 421 5102 Alexandri
436 5039 576 5118 Nequam,
590 5057 617 5094 v.
631 5035 789 5094 Neclehanr.
1117 5032 1262 5111 Epistola,
1277 5033 1344 5088 208.

433 5142 519 5226 (111.)
534 5143 628 5220 Papoe,
643 5140 733 5200 Bullae
747 5152 779 5199 et
789 5137 1017 5200 Constitutiones
1116 5141 1163 5198 De
1177 5139 1281 5197 Monte
1295 5135 1483 5204 Humilitatis,
1497 5135 1564 5192 237.

304 5255 368 5320 193,
384 5253 451 5320 271,
467 5252 534 5307 278.
1077 5246 1229 5312 Anthems,
1243 5242 1318 5302 book
1331 5242 1369 5312 of,
1383 5243 1430 5299 58.

268 5409 273 5418 .
300 5357 445 5435 Epistolae,
463 5356 528 5422 191,
543 5355 610 5412 201.
1078 5348 1328 5427 Antiphonarium,
1346 5349 1410 5404 168.

260 5461 419 5523 Alexsrrdri
430 5456 512 5540 (IV.)
524 5461 618 5537 Papae,
633 5459 869 5528 Constitutiones,
879 5460 946 5528 257,
956 5457 1023 5524 268,
1077 5455 1231 5535 Aquinatis
1244 5449 1350 5534 (Tho.)

299 5571 368 5628 271.
1117 5563 1227 5622 Comm.
1241 5560 1270 5616 in
1284 5559 1379 5617 Math.
1392 5567 1423 5615 et
1436 5557 1529 5615 Marc.
1543 5558 1571 5612 7.
1619 5603 1622 5610 .

268 5728 273 5736 .
297 5667 1023 5751 -rrsnnns(sarruopnsaemurrees,
1115 5691 1235 5708 ---
1249 5664 1277 5722 n
1291 5663 1378 5722 nuos
1392 5660 1614 5731 Senonum,
1628 5630 1703 5720 11.Ι

299 5783 367 5839 298.
1116 5772 1296 5838 Quastiones
1309 5768 1346 5828 de
1359 5767 1493 5850 potentia
1502 5767 1569 5836 Dei,
1582 5766 1621 5826 ns.

260 5885 357 5966 Alipii,
371 5884 516 5966 Epistolae,
533 5886 598 5957 120.
1053 5951 1056 5956 1
1117 5878 1234 5938 Summa
1246 5874 1420 5960 Theologiae,
1434 5875 1484 5945 82,
1496 5875 1544 5944 83,
1558 5875 1607 5936 81.
