4640 7842
833 1009 1020 1062 sccnessn
1045 1006 1324 1061 nunnnnsusss.
1749 995 1823 1082 217

11 1177 13 1282 l
111 1171 151 1294 ll.
169 1216 237 1292 IV.
251 1217 311 1287 24.
522 1221 526 1230 '
596 1206 734 1275 mus,
754 1217 783 1264 et
799 1207 958 1264 Benedictus
976 1209 1158 1266 ethlterIus
1172 1217 1271 1266 nosue
1281 1207 1490 1280 congregationis
1507 1209 1630 1268 monachi
1641 1219 1669 1268 et
1680 1209 1824 1270 walterius

11 1323 12 1326 ¹
121 1314 241 1368 Quanto.
605 1304 948 1362 canonicusdeWaltlmm.

340 1457 388 1510 Vl.
400 1451 438 1508 ld.
450 1451 519 1522 Aug.
603 1451 654 1505 Ob.
672 1450 753 1504 Wido
761 1451 849 1508 Abbss
860 1451 886 1506 ds
898 1450 999 1506 Alanus
1010 1451 1084 1506 miles
1101 1451 1181 1506 frater
1192 1451 1320 1508 willelmi
1330 1451 1463 1525 Episcopi,
1480 1461 1508 1508 ct
1519 1453 1663 1525 Collingns,
1674 1465 1703 1510 et
1714 1455 1823 1511 Snoasri

604 1543 746 1598 monachus
758 1553 786 1598 et
797 1561 945 1610 conversus,
962 1555 990 1599 et
1000 1545 1153 1616 Leolgarus,
1169 1555 1198 1602 et
1209 1547 1316 1618 Moyses
1327 1557 1355 1602 et
1449 1547 1533 1615 binus,
1552 1559 1580 1604 et
1592 1549 1725 1604 Gererdns
1736 1559 1764 1605 et
1776 1549 1823 1605 lti-

602 1639 695 1693 cerdns
707 1639 828 1694 monachi
839 1641 864 1694 ss
877 1641 1033 1695 Sacerdotes
1044 1651 1141 1696 nostrse
1153 1642 1369 1713 congregationis.

341 1790 419 1846 xm.
431 1786 491 1842 Kel-
506 1786 579 1857 Sept.
603 1786 634 1840 ln
645 1785 786 1840 britanniis
798 1785 894 1840 Natnle
906 1787 997 1842 Sancti
1009 1787 1109 1842 Oswini
1120 1789 1201 1858 Regis
1213 1797 1241 1842 et
1253 1787 1378 1843 Martiris.

342 1926 376 1988 X
387 1930 448 1988 Kal.
460 1930 534 2002 Sept.
604 1928 655 1984 Ob.
667 1927 846 1994 Eedmundus,
857 1938 885 1984 et
896 1928 962 1984 slins
973 1929 1152 1995 Esdmundns‚
1160 1938 1188 1984 et
1200 1929 1270 1994 Odo,
1278 1939 1306 1984 et
1315 1905 1470 1995 bernardus,
1480 1939 1509 1986 et
1517 1929 1667 1988 Rodbertus
1673 1931 1826 2000 monachus,

604 2033 633 2078 et
642 2022 815 2081 Johanneset
826 2021 952 2077 Ellwinus
969 2033 1067 2078 nostrae
1085 2023 1293 2095 congregationis
1303 2024 1395 2078 fratres
1407 2035 1435 2080 et
1446 2025 1577 2093 monachi,
1596 2036 1624 2080 et
1635 2025 1774 2093 liudulfus,
1793 2036 1823 2082 et

608 2117 717 2174 Glsuus.
728 2118 762 2174 ad
773 2135 887 2174 succum.
899 2129 927 2174 et
939 2118 1080 2176 Eastritbs.

337 2267 412 2324 Vlll.
422 2263 484 2320 Kal.
496 2264 569 2338 Sept.
605 2265 673 2318 Item
684 2261 810 2318 festivitas
822 2263 927 2318 Ssnctae
938 2264 1021 2318 Ebbns
1031 2263 1152 2335 Virginis.

343 2407 536 2478 ILKdSept.
606 2408 638 2460 ln
649 2403 792 2472 Britennis,
800 2403 893 2460 Sancti
901 2404 997 2460 Aideni
1005 2406 1082 2476 primi
1094 2405 1310 2460 Lindissarnensis
1319 2407 1449 2479 Episcopi.
1477 2405 1578 2461 Eodem
1587 2406 1630 2460 die
1642 2421 1828 2461 commemoras·

605 2501 645 2554 tio
657 2501 812 2556 Sanctarum
823 2501 990 2571 reliquiarum
1002 2501 1118 2573 ejusdem
1131 2501 1263 2556 ecclesie.
1299 2503 1350 2558 Ob.
1362 2503 1494 2572 Turgotus
1510 2503 1654 2575 Episcopus
1666 2503 1827 2568 Scottorum,

604 2605 634 2650 et
645 2595 787 2666 Gregorius
804 2595 933 2661 sacerdos,
949 2605 978 2652 et
989 2597 1119 2652 Martinus
1136 2605 1164 2652 et
1176 2597 1305 2652 liedulfus
1321 2607 1418 2653 nostre
1429 2598 1636 2671 congregationis
1648 2597 1779 2664 monachi,
1796 2606 1825 2652 et

606 2691 735 2748 deulfiss
746 2691 953 2748 Uuintoniensis.

345 2839 417 2894 Non.
429 2839 502 2910 Sept.
602 2837 653 2891 Ob.
671 2835 821 2892 Rsnnnlliss
832 2837 1020 2892 Dnnelmensis
1031 2792 1185 2910 Episcopus..

343 2983 377 3038 V.
389 2981 428 3038 ld.
440 2983 514 3055 Sept.
603 2983 655 3038 Ob.
674 2983 822 3037 willelmus
840 2985 899 3038 Rex
912 2984 1067 3054 Anglorum,
1088 2993 1119 3037 ct
1134 2984 1294 3040 Goduuinns
1312 2991 1340 3038 st
1357 2983 1487 3055 Rogerius
1504 2993 1601 3038 nostre
1619 2980 1826 3054 congregationis

606 3077 737 3144 monachi,
757 3086 785 3132 et
797 3077 946 3144 Goslsidus,
963 3089 991 3132 et
1002 3077 1111 3146 Esteies,
1123 3086 1150 3132 et
1168 3077 1319 3133 Merevinus
1337 3079 1457 3133 sacerdos
1468 3079 1494 3133 ds
1506 3078 1650 3134 monachus
1661 3079 1687 3132 s
1699 3074 1827 3132 Patricius

606 3171 726 3226 sacerdos
743 3173 769 3225 ἀ
781 3170 924 3226 monachus
942 3182 1039 3227 nostrae
1051 3173 1259 3244 congregationis
1277 3185 1305 3229 et
1315 3173 1451 3231 Iohannes
1462 3173 1670 3228 Archidieconus
1682 3169 1826 3226 monachus

604 3269 630 3324 dt
640 3267 780 3340 professus.

343 3413 392 3468 III.
405 3412 446 3468 ld.
457 3413 532 3485 Sept.
601 3412 703 3468 Eodem
715 3411 758 3468 die
771 3413 881 3468 Octavus
893 3410 985 3467 Sancti
995 3410 1145 3467 cuthberti.

343 3557 417 3613 XIV.
428 3555 490 3612 Kal.
502 3558 565 3614 Oct.
604 3557 735 3613 Obiemnt
745 3557 925 3613 columbanus
937 3557 1091 3612 anachorita
1107 3567 1135 3611 et
1151 3557 1292 3611 Heinrious
1303 3555 1521 3623 Archidinconus,
1538 3557 1564 3611 dr
1575 3557 1635 3612 Yvo
1648 3563 1675 3610 et
1693 3551 1823 3611 ..lmarus

606 3652 770 3718 Sacerdotes,
782 3662 880 3708 nostrae
892 3651 1100 3722 congregationis
1113 3652 1243 3716 monachi,
1254 3661 1282 3706 et
1293 3651 1391 3705 AEilaef
1397 3651 1525 3722 presbiter
1536 3652 1570 3708 sd
1582 3669 1650 3706 succ.

343 3794 405 3848 vlt.
417 3793 478 3850 Kal.
489 3794 553 3849 Oct.
604 3794 656 3849 Ob.
667 3789 890 3858 Swertebrendus,
898 3801 926 3845 et
937 3791 1069 3845 Waltems
1079 3808 1227 3859 conversus,
1235 3803 1332 3848 nostre
1342 3793 1549 3865 congregationis
1559 3793 1652 3848 fratres
1659 3801 1688 3848 et
1695 3790 1825 3857 monachi,

601 3896 630 3942 et
640 3887 761 3958 Rogerus
773 3885 910 3953 Sacerdos,
921 3895 949 3941 et
961 3887 1050 3956 Hngo.

345 4031 382 4086 Il.
394 4031 454 4086 Kal.
468 4032 530 4087 Oct.
605 4030 657 4086 Ob.
669 4029 839 4087 Innocentius
850 4030 931 4100 Psps,
948 4039 976 4082 et
992 4027 1148 4095 AEluredus,
1167 4027 1193 4083 ss
1210 4023 1370 4098 AEgclredus
1388 4039 1416 4085 et
1433 4025 1570 4098 AEilricus,
1590 4038 1619 4084 et
1630 4027 1778 4084 Willslmus
1795 4037 1824 4084 et

608 4126 722 4182 Gemelo
733 4125 802 4180 filins
813 4125 925 4196 Melgeri
936 4125 962 4178 ss
973 4123 1128 4190 AEldredns,
1138 4123 1260 4206 monachi
1271 4123 1389 4196 professi.

345 4273 394 4326 111.
405 4273 470 4326 Non
479 4271 589 4326 Octobr.
607 4271 659 4326 Ob.
669 4287 721 4342 prae
732 4270 866 4324 memorias
885 4267 1011 4324 Paulinus
1032 4267 1168 4335 Sscerdos,
1188 4278 1217 4322 et
1233 4269 1385 4324 Rodbertus
1402 4279 1430 4322 st
1447 4268 1604 4322 erlielmns
1617 4268 1780 4336 Sacerdotes,
1797 4279 1825 4324 et

607 4363 728 4419 ...evietb
740 4381 889 4430 conversus,
900 4373 997 4417 nostres
1014 4361 1223 4432 congregationis
1239 4363 1371 4429 monachi,
1389 4373 1418 4418 et
1430 4364 1575 4418 Godwinus
1586 4363 1722 4433 heremita,
1732 4374 1761 4421 et
1771 4365 1828 4420 Wl·

605 4457 693 4524 fricus,
704 4469 732 4513 et
742 4457 926 4523 AEthslerdus,
938 4465 966 4512 et
977 4455 1136 4510 Endwardns
1148 4457 1277 4526 canonici,
1288 4467 1316 4512 et
1326 4457 1445 4514 Arkillus
1457 4460 1600 4530 presbyter.

344 4601 569 4658 lv.1d.0etobr.
610 4601 800 4670 massana,
811 4600 902 4658 sance
914 4599 1030 4656 wesen
1040 4598 1173 4673 Episcopi.

342 4747 378 4802 ΙΙ.
389 4745 429 4802 ld.
440 4745 550 4801 Octobr.
603 4744 735 4801 Obierunt
746 4745 881 4802 Heroldns
892 4747 953 4802 Rex
964 4764 1024 4802 cum
1036 4746 1097 4813 suis,
1113 4755 1141 4805 et
1153 4745 1274 4800 Aldunus
1285 4753 1313 4799 et
1324 4743 1452 4810 Edredus,
1470 4754 1499 4800 et
1509 4744 1679 4802 Esdmundus
1691 4756 1720 4802 et
1731 4743 1826 4820 mgel-

604 4839 673 4894 ricus
684 4841 816 4913 Episcopi,
827 4851 855 4897 et
867 4843 982 4913 Symeon
994 4851 1023 4897 et
1033 4841 1201 4909 benedictus,
1209 4851 1237 4895 et
1250 4843 1358 4896 Swanus
1369 4852 1397 4895 et
1409 4840 1567 4911 AEgeldens,
1578 4853 1675 4897 nostres
1687 4859 1826 4914 congmge·

605 4933 685 4990 tionis
694 4934 788 4991 iratres
798 4937 824 4991 dt
835 4935 967 5003 monaehi,
983 4945 1012 4992 et
1022 4936 1156 4992 lbobertus
1167 4935 1276 4990 clericos
1294 4945 1322 4988 et
1333 4935 1480 4990 Willelmua
1492 4937 1626 5007 presbyter
1636 4937 1661 4990 ἀ
1673 4937 1826 5006 monachus,

604 5040 633 5086 et
643 5029 751 5102 llgl'rids
761 5033 787 5086 dt
798 5031 877 5088 Rodb
880 5068 980 5088 .........
993 5030 1192 5086 Archidsconus
1204 5032 1229 5085 tc
1241 5029 1393 5084 monachus.

343 5175 418 5233 VIII.
428 5175 490 5232 Καὶ.
501 5177 571 5233 Nos.
600 5177 652 5232 Ob.
662 5177 795 5232 Robertus
806 5177 895 5232 Abbas
907 5177 998 5232 Senoti
1009 5176 1116 5235 Albeni.

343 5319 390 5375 VI.
401 5320 462 5375 mu
473 5321 543 5377 Nor.
599 5323 651 5376 Ob.
662 5321 848 5377 AEtbelstsnus
859 5323 885 5376 ss
898 5321 1048 5394 Stephanus
1065 5323 1152 5393 Reges
1173 5321 1318 5392 Anglorum
1335 5320 1362 5374 s
1379 5318 1497 5373 Metildis
1509 5319 1619 5390 Regius,
1638 5329 1668 5376 et
1679 5321 1784 5376 Samuel
1796 5324 1822 5378 dt

604 5417 723 5486 Psgsnus
735 5425 762 5470 et
780 5453 821 5472 ....
831 5417 921 5470 bertus
932 5425 961 5470 et
972 5415 1140 5486 Reginaldns,
1152 5412 1274 5469 monsobi
1286 5422 1383 5467 nostrae
1395 5414 1612 5484 congregationis,
1623 5425 1650 5469 et
1663 5415 1823 5472 Herebertus

605 5511 715 5566 clericus
726 5523 754 5565 et
766 5511 868 5567 Lelilds
878 5521 907 5566 et
918 5512 1051 5566 Robertus
1063 5511 1213 5566 canonicus
1225 5510 1259 5564 de
1270 5509 1414 5564 Wsltham.

342 5655 417 5712 vm.
428 5655 468 5711 ld.
480 5655 551 5713 Nor.
603 5657 655 5713 Ob.
666 5657 809 5712 Aslsetinns
821 5666 849 5712 et
861 5655 1018 5710 willielmus
1030 5654 1179 5710 secerdotes
1190 5664 1217 5708 et
1229 5654 1317 5708 David
1329 5654 1449 5709 sacerdos
1461 5663 1488 5709 et
1499 5655 1670 5709 AEdmundns
1682 5665 1709 5710 et
1721 5655 1823 5714 eliber-

603 5762 646 5806 tus
658 5749 812 5806 conversi&
824 5749 946 5804 monachi
958 5759 1055 5804 nostrae
1067 5747 1282 5819 congregationis,
1294 5759 1321 5804 et
1332 5747 1467 5805 Ubtredus
1478 5749 1546 5804 lilius
1558 5749 1689 5804 Maldredi
1698 5761 1726 5806 et
1735 5751 1823 5823 Hugo,

603 5857 632 5902 et
643 5845 754 5901 Rsnll'us
764 5847 911 5918 Presbyter.

342 5991 376 6046 ll.
389 5989 428 6046 ld.
439 5989 511 6046 Nor.
601 5989 652 6045 Ob.
663 5989 754 6044 Helias
765 5998 793 6044 et
803 5987 949 6043 AErnsldus
965 5989 992 6045 dt
1009 5989 1089 6060 Hngo
1102 5988 1257 6046 Sacerdotes
1275 5997 1303 6044 et
1315 5987 1405 6045 Ketcll
1420 5997 1449 6044 et
1466 5987 1616 6060 AEgelricus
1628 5998 1657 6044 et
1669 5988 1820 6046 Gilebertus

602 6093 632 6139 et
642 6083 791 6151 Gervnsius,
801 6082 923 6138 monscbi
934 6082 1051 6157 professi.
1494 6119 1497 6126 ·

926 6187 1060 6243 *21
