4640 7842
533 969 604 1048 192
1058 981 1216 1038 courum
1241 977 1497 1036 munusculum

297 1177 429 1274 MV.
445 1191 502 1276 17.
587 1195 619 1256 6.
643 1191 665 1230 “
681 1181 828 1252 Moribu:
844 1181 985 1250 nereio
998 1181 1223 1250 beneflciis”-·

311 1277 432 1328 unm.
589 1305 621 1370 7.
645 1306 666 1344 σε
683 1297 794 1364 eum
810 1294 1007 1362 cresum
1021 1294 1153 1382 equod
1167 1295 1387 1360 merentes:-

589 1420 620 1476 6.
644 1418 666 1454 “
681 1409 836 1488 Quamvis
849 1419 959 1497 gravet
973 1407 1131 1472 nimie”-

573 1546 652 1612 Duo
672 1545 724 1611 hic
747 1546 895 1612 Oenones
916 1545 1154 1613 desiderantur:
1181 1545 1303 1614 Decem
1325 1545 1409 1611 euim
1432 1555 1505 1610 sunt
1528 1543 1613 1630 apud
1637 1543 1824 1620 Lobbeum:
1851 1551 1905 1637 qui
1919 1551 2015 1618 etiam

529 1671 637 1725 monet
651 1657 748 1724 alium
762 1681 871 1724 eorum
886 1679 955 1724 eese
969 1659 1112 1726 ordinem
1127 1659 1160 1723 in
1176 1657 1349 1725 Guillelmo
1365 1657 1586 1746 Neubrigensi,
1602 1658 1689 1744 apud
1703 1681 1797 1747 quem
1812 1659 1969 1748 leguntur.

575 1771 718 1856 Scriptus
732 1781 780 1836 est
793 1769 846 1836 hic
862 1769 974 1837 Codex
987 1769 1078 1838 lineis
1092 1771 1268 1848 continuis:
1290 1769 1390 1836 literis
1402 1767 1623 1850 mediocribus,
1644 1771 1805 1850 rotundis:
1827 1785 1900 1840 aute
1914 1795 2016 1842 aunon

530 1886 581 1968 (ut
593 1881 730 1964 uidetur)
745 1901 841 1968 supro
856 1889 929 1948 600.
1244 1901 1248 1908 ’

444 2223 503 2294 18.
530 2217 734 2294 Excnnrru
751 2217 1032 2306 Dneuurouuu,
1052 2221 1085 2295 8:
1102 2217 1182 2294 alia
1235 2215 1451 2320 [Tractatds
1471 2215 1553 2314 10.]

530 2402 559 2459 1.
583 2392 765 2460 Excisum
780 2391 1032 2458 Dncunseuun.

588 2505 669 2572 Sunt
684 2503 845 2590 Excerpto
852 2503 998 2591 quaedam
1013 2525 1030 2568 e
1046 2500 1191 2568 Decretis
1202 2501 1403 2582 ponerem.
1418 2513 1451 2570 et
1460 2501 1675 2568 Conciliorum
1687 2499 1880 2570 Cenonibus.
1926 2503 2013 2570 Pon·

628 2614 749 2680 tificum
764 2627 796 2680 et
811 2613 1026 2682 conciliorum
1040 2615 1170 2680 nomina
1183 2615 1401 2706 praefiguntur.

588 2727 641 2794 Sic
655 2727 829 2812 incipiunt:
854 2727 1006 2794 “Petrus
1022 2728 1195 2814 Apostolus
1216 2728 1258 2794 de
1281 2727 1461 2794 Clemente:
1490 2725 1567 2813 Ipsi,
1590 2725 1701 2814 iuquit,
1723 2726 1816 2792 trado
1836 2727 2013 2794 uDomiuo

633 2839 746 2904 “mihi
760 2840 907 2905 traditam
921 2842 1137 2927 potestatem?

589 2951 670 3016 Sunt
687 2951 783 3036 Pepre
798 2962 850 3029 49,
867 2975 885 3015 o
902 2951 998 3016 Petro
1012 2949 1053 3015 ed
1070 2949 1262 3040 Gregorium
1278 2951 1437 3037 juniorem
1454 2949 1598 3016 Concilia
1612 2950 1729 3016 Groeea
1743 2963 1783 3018 s:
1808 2951 1956 3020 Africana
1970 2963 2012 3020 6:
2126 3013 2129 3024 .

632 3061 757 3126 Gallica
771 3072 809 3128 9:
835 3061 1011 3147 Hispaniea
1029 3069 1080 3128 16.

532 3205 562 3260 2.
585 3197 767 3262 Exceum
782 3218 828 3262 ex
845 3197 1020 3262 Reorsrno
1037 3196 1284 3264 Errsromnuu
1300 3197 1484 3264 Gnneourr
1501 3197 1603 3264 Pure.
1808 3197 1901 3264 Folio
1917 3209 1969 3266 16.
1981 3197 2014 3263 b.

590 3308 643 3373 Sie
658 3309 829 3393 incipiunt:
854 3316 876 3350 ‘⁴
891 3307 1067 3396 Gregorius
1090 3307 1187 3374 Petro
1210 3307 1421 3374 Subdineono.
1478 3308 1513 3374 Si
1534 3309 1756 3376 monasterium
1782 3309 1890 3376 Suueti
1905 3309 2015 3376 Theo-

634 3425 656 3460 “
670 3417 740 3482 dor:
759 3456 804 3469 -

589 3537 612 3570 ‘⁴
627 3528 667 3594 ln
681 3527 730 3593 bis
746 3529 912 3614 Excerptis
926 3541 1068 3596 meatur
1081 3529 1162 3594 ordo
1175 3529 1328 3596 librorum
1344 3529 1557 3618 Gregorij”·-

534 3697 563 3755 6.
587 3688 777 3755 (inuenere
793 3687 990 3756 Decumum
1007 3688 1165 3756 Haunrcr
1180 3689 1435 3756 qunrmonrs:
1458 3709 1502 3754 nr
1516 3687 1713 3755 Dscnnrunr
1730 3687 1875 3755 Cmrxrr
1893 3687 1996 3756 Puer.

1823 3799 1900 3865 folio
1915 3809 1968 3871 67.

633 3912 686 3978 Sic
700 3912 874 4000 incipiunt:

589 4024 724 4092 Henrici
744 4024 889 4112 quidem:
914 4031 936 4066 “
952 4023 991 4089 In
1013 4023 1140 4090 nomine
1163 4025 1277 4092 Sancte
1298 4037 1330 4090 et
1351 4023 1512 4090 individue
1534 4022 1719 4101 Trinitatis:
1746 4023 1818 4112 Ego
1840 4023 2011 4106 Henriuus‚

632 4133 733 4200 “Dei
754 4134 855 4223 gratii
880 4133 1096 4200 &manorum
1121 4135 1297 4222 Imperator
1320 4157 1443 4222 semper
1465 4137 1639 4224 Augustus,
1666 4157 1726 4222 pro
1750 4157 1857 4201 amore
1879 4135 1953 4216 Dei,
1979 4147 2012 4202 et

632 4253 654 4287 ‘⁶
671 4245 785 4310 Sancte
803 4245 947 4310 Romane
962 4243 1113 4323 Ecoleeie,
1129 4258 1161 4310 et
1175 4245 1307 4310 Domini
1324 4246 1411 4331 Pepe
1427 4245 1609 4312 edixer-

590 4353 708 4421 Cnlixti
722 4376 797 4420 veno
811 4355 876 4420 sie:
900 4363 923 4396 ‘⁶
938 4353 1010 4442 Ego
1026 4354 1168 4420 Caiixtus
1183 4357 1240 4422 &u
1256 4357 1312 4420 tibi
1329 4355 1504 4422 Henrieo.”

587 4463 751 4532 Henricus
777 4469 831 4532 5⁹⁴¹
857 4465 1033 4551 Imperator
1058 4465 1192 4531 restituit
1222 4465 1425 4533 investiturus
1457 4467 1688 4534 Beneficiorum
1719 4465 2011 4533 Ecclesiastieorum

631 4579 746 4664 Pupae:
762 4579 792 4644 8:
809 4577 952 4642 Calixtus
969 4576 1137 4666 Privilegin
1150 4579 1295 4665 quaedmu
1311 4579 1498 4666 Imperatori
1511 4579 1664 4646 coneedit.

587 4689 753 4779 leguntur
768 4689 819 4755 hae
840 4689 992 4775 Epistola:
1014 4691 1048 4755 in
1073 4689 1218 4758 Historid
1242 4691 1374 4778 Concilij
1398 4691 1618 4758 Luterorrensis
1636 4689 1698 4768 lm,
1725 4711 1808 4756 nuno
1834 4698 1914 4756 1123
1931 4690 2013 4756 eele-

629 4801 721 4880 brati,
746 4801 831 4888 apud
857 4801 995 4880 Biuium‚
1030 4801 1064 4866 in
1088 4801 1184 4867 Tomi
1207 4803 1250 4870 ³¹²¹
1275 4805 1369 4870 Parte
1384 4803 1440 4883 2⁶¹,
1467 4805 1544 4892 Peg.
1560 4812 1643 4872 465:
1669 4817 1702 4868 et
1722 4803 1807 4889 apud
1830 4802 2008 4881 Lubbeum,

631 4911 737 4979 Temo
755 4923 838 4992 100⁰,
856 4911 926 4978 col.
942 4921 1017 4980 901.

531 5085 561 5140 4.
586 5075 652 5140 Sc’r
669 5074 841 5140 Ourureur
859 5073 1017 5140 Errseorr
1032 5093 1076 5140 nr
1092 5073 1268 5141 Muurrure
1285 5076 1392 5142 Ceus.
1847 5075 1901 5140 fol.
1916 5081 1968 5147 67.
1980 5076 2011 5141 b.

588 5189 641 5256 Sie
655 5189 782 5276 incipit:
807 5197 828 5230 ‘⁶
845 5187 1023 5276 Cyprianus
1038 5187 1126 5274 Epus
1140 5189 1294 5275 disposuit
1308 5189 1348 5256 de
1365 5190 1452 5256 Ceut
1468 5190 1649 5275 nuptiarum
1663 5187 1719 5276 filij
1736 5185 1900 5277 Regid'-

587 5301 812 5390 Fragmentum
828 5313 876 5366 est
889 5301 994 5388 operis
1015 5303 1170 5390 nugatorij
1196 5301 1357 5390 Cypriane
1370 5301 1449 5368 fulso
1462 5303 1632 5390 adscripti:
1654 5301 1741 5390 quod
1754 5301 1788 5366 in
1803 5301 1867 5368 fine
1880 5321 2011 5388 operum

629 5415 696 5499 ejus
710 5413 826 5502 legitur
839 5413 872 5476 in
886 5413 1023 5478 editione
1039 5411 1224 5479 Oxoniensi.

531 5581 560 5640 5.
584 5572 754 5638 Purnuuu
778 5593 924 5656 mrpuor
947 5573 1141 5638 Enrsrours:
1170 5571 1296 5652 scilicet,
1321 5573 1491 5654 Peschnlis,
1516 5573 1650 5640 Alexan.
1675 5571 1838 5658 Bonifecij,
1863 5565 2013 5656 Honor-ij,

632 5683 791 5764 Vitaliani,
809 5685 921 5774 Sergii,
946 5685 1104 5774 Gregorij,
1122 5685 1251 5764 Leonis,
1270 5686 1297 5750 F
1297 5687 1423 5752 ormosi.
1843 5681 1897 5748 fol.
1913 5693 1964 5749 69.
1979 5681 2012 5746 b.

590 5795 643 5860 Sic
657 5796 827 5882 incipiunt:
852 5805 874 5840 ‘⁸
891 5796 1050 5863 Paschalis
1066 5796 1336 5862 Theuto'nicomm
1354 5797 1436 5888 Regi
1459 5797 1507 5864 H.
1530 5800 1587 5865 &e
1634 5797 1781 5886 Regnum
1796 5807 1934 5860 vestrum
1948 5793 2014 5859 sin·

635 5913 657 5948 “
671 5907 821 5994 guluriter
836 5909 888 5972 see
905 5907 1049 5972 Romane
1065 5907 1205 5975 Ecclesie
1221 5904 1370 5975 coherere
1386 5911 1492 5974 diviuu
1506 5909 1669 5997 dispositio
1683 5907 1906 5974 coustituit''-

590 6018 670 6084 sant
685 6017 837 6104 spuere
855 6027 905 6085 ιε.
