4634 7874
530 1027 607 1118 876
1054 1049 1213 1104 consess
1238 1049 1496 1104 1111888188

243 1171 446 1312 Augl’fflffi
453 1259 514 1330 32,
573 1251 677 1339 Lacij.
694 1262 723 1317 8.
739 1249 938 1316 confirmatio
952 1271 1003 1317 en.
1023 1259 1116 1318 1188.
1131 1263 1164 1318 et
1179 1260 1231 1320 84.
1249 1249 1354 1318 Henr.
1370 1259 1402 1318 8.
1864 1255 1934 1324 Pol.
1951 1267 2031 1327 818.

297 1314 388 1358 mm
578 1363 718 1432 Monitio
739 1363 876 1430 Thone
900 1363 1080 1446 [Haffieid]
1105 1364 1212 1452 Epioe.
1235 1365 1356 1432 Dunel.
1380 1385 1443 1452 pro
1462 1363 1690 1430 eonvoeatione
1711 1364 1809 1432 libor.

663 1499 736 1542 cum
752 1477 977 1562 protestatione
991 1499 1086 1564 super
1100 1477 1296 1544 libertatibus
1311 1499 1362 1544 an.
1381 1485 1474 1548 1877.
1951 1493 2025 1552 818.

577 1588 767 1655 commissio
780 1587 856 1654 dicti
868 1587 1005 1654 Thomae
1019 1589 1060 1654 ad
1069 1590 1306 1676 protestandam
1321 1611 1381 1676 pro
1390 1611 1423 1656 se
1438 1590 1471 1654 in
1486 1588 1571 1656 dicte
1584 1592 1812 1658 convocatione

662 1701 721 1767 &n
1951 1717 2028 1776 818.

578 1811 730 1878 Ricimrdi
745 1811 902 1894 [11118181]
917 1813 1006 1899 Epis.
1019 1813 1170 1879 Dunelm.
1187 1813 1444 1880 Procuratorinm
1459 1813 1530 1878 fact
1544 1805 1701 1880 Clementi
1717 1815 1815 1881 Coie-

664 1947 733 1988 mar
753 1925 794 1990 ad
820 1925 1067 2010 comparendum
1082 1925 1115 1989 in
1137 1947 1266 1992 8811188.
1289 1925 1387 1990 Ebot.
1411 1937 1442 1990 et
1456 1927 1649 2012 protestand.
1666 1947 1761 2014 super
1774 1927 1816 1992 li-

666 2036 840 2102 bertatibus
855 2039 914 2103 &o
930 2059 980 2102 an.
1000 2046 1092 2104 1888.
1957 2051 2032 2106 811.

577 2147 771 2215 Materiaex
785 2161 875 2234 perte
890 2149 970 2214 Dec
986 2161 1018 2214 et
1034 2149 1114 2236 Cep.
1128 2171 1188 2236 per
1203 2149 1320 2216 Clerke
1332 2149 1482 2215 exhibita.
1955 2161 2030 2218 815.

580 2259 865 2328 Sursum-redditio
882 2259 1003 2326 Eccles.
1023 2257 1143 2328 Dunel.
1159 2261 1231 2328 fact
1248 2261 1354 2328 Henr.
1371 2271 1401 2328 8.
1417 2283 1474 2348 per
1491 2260 1604 2328 Priori
1618 2273 1650 2326 et
1666 2260 1814 2328 Conven-

664 2385 731 2436 tum
747 2371 1005 2458 [exemplificatio
1018 2373 1186 2460 ejudem}
1956 2385 2029 2446 817.

579 2482 717 2548 Materia
730 2487 893 2570 exceptive
907 2485 1133 2572 specificatoria
1147 2499 1257 2550 eontra
1272 2485 1385 2551 Testes
1401 2483 1650 2571 Archiepiecopi.
1958 2499 2032 2555 880.

579 2595 826 2662 instrumentum
841 2597 1095 2685 8188881888ιί8
1110 2619 1205 2684 super
1227 2597 1411 2663 collectione
1425 2597 1587 2684 eujusdam
1610 2617 1742 2662 summer
1757 2619 1813 2684 pe-

664 2711 766 2775 cuniae
780 2731 838 2796 per
854 2709 996 2777 Priorem
1011 2725 1044 2778 et
1060 2711 1259 2777 Conveniam
1275 2733 1372 2798 qnare
1393 2731 1434 2776 ex
1450 2709 1608 2776 Mandato
1624 2711 1722 2798 l’apoe
1735 2709 1817 2778 sece-

665 2833 736 2886 rent
750 2843 801 2886 on.
818 2829 911 2888 1881.
1958 2833 2029 2892 888.

579 2930 751 2997 Prooessus
766 2955 869 2997 causae
889 2955 983 3019 super
1010 2933 1231 3020 Appellatione
1252 2932 1389 3020 quadam
1404 2929 1443 2996 ad
1462 2931 1581 3016 Papam
1596 2953 1655 3018 per
1670 2931 1815 2998 Priorem

666 3057 698 3108 et
721 3044 920 3110 Contentum
943 3057 1053 3110 contre
1070 3044 1218 3130 Arehiep.
1244 3043 1353 3108 Ebord
1379 3041 1490 3124 [will.
1516 3041 1745 3126 Whicirtrene]
1766 3067 1818 3110 ao.

670 3163 752 3222 1885
768 3169 800 3218 81
815 3157 898 3220 Acta
912 3155 1080 3241 superinde
1096 3153 1233 3242 expedit
1255 3155 1288 3218 in
1311 3153 1433 3220 Eccles.
1450 3151 1544 3218 Ceth.
1562 3153 1748 3220 Cerliolens.
1764 3177 1818 3222 co·

668 3287 736 3330 ram
751 3265 901 3354 delegatis
919 3266 1025 3352 Papae.

581 3378 699 3444 Literae
720 3378 804 3444 binae
828 3377 917 3442 Edw.
943 3387 972 3442 1.
999 3377 1096 3466 Regis
1118 3377 1159 3442 ad
1183 3377 1327 3442 Priorem
1341 3389 1373 3442 et
1400 3378 1602 3442 Contentum
1628 3379 1821 3466 requirentes

666 3489 793 3556 eosdem
815 3501 851 3554 ut
870 3488 995 3554 cuidam
1017 3489 1235 3578 compositioni
1257 3491 1339 3556 inter
1360 3491 1445 3576 ipsos
1466 3501 1498 3556 et
1514 3489 1663 3578 Arohiep.
1679 3491 1819 3578 praedict

670 3601 786 3667 obletae
799 3603 1005 3667 consentient.

580 3713 714 3780 Dotetio
731 3711 882 3780 Ecclesiae
897 3735 993 3799 supra
1008 3721 1082 3780 886.

583 3825 762 3914 Responsio
783 3826 957 3912 personalis
978 3824 1051 3892 Joh.
1072 3825 1218 3908 [Pierce]
1233 3823 1384 3912 Archiep.
1401 3824 1500 3892 Ebur.
1524 3821 1671 3890 Materiae
1695 3825 1819 3892 Decan.

668 3951 701 4004 et
716 3937 856 4024 Capituli
864 3937 994 4004 exhibit
1006 3939 1163 4027 pagissld.
1179 3937 1261 4004 facte
1273 3959 1331 4024 per
1342 3936 1459 4026 Mag-¹·
1475 3935 1606 4004 Tbeker
1621 3938 1734 4002 virtute
1749 3960 1823 4024 pro·

670 4053 817 4139 curatorrj
833 4050 975 4138 specialis
991 4051 1023 4116 in
1038 4075 1075 4116 ea
1089 4065 1180 4138 perte
1193 4051 1253 4116 sibi
1267 4049 1338 4118 feet.

586 4161 741 4249 Respons.
756 4163 913 4250 personal.
928 4162 1004 4228 dicti
1020 4161 1171 4250 Archiep.
1186 4163 1327 4230 materie
1341 4163 1513 4250 exceptive
1528 4161 1651 4228 Decan.
1667 4174 1699 4227 et
1715 4163 1820 4250 Capit.

671 4287 782 4340 contra
795 4287 889 4339 188188
904 4297 944 4338 ex
958 4285 1049 4360 perte
1064 4297 1122 4340 sue
1135 4274 1314 4360 prodacto.

585 4383 849 4452 Certificatorium
863 4407 1028 4472 processus
1044 4407 1138 4472 super
1153 4385 1304 4450 scrutinio
1317 4407 1358 4450 ex
1372 4397 1463 4470 parte
1475 4384 1555 4450 Dec·
1571 4395 1603 4450 81
1613 4385 1693 4472 Cep.
1711 4385 1826 4450 111888

670 4497 723 4562 vbi
739 4497 821 4561 inter
835 4497 896 4562 elia
910 4497 1044 4562 habetur
1058 4497 1220 4584 quoddam
1239 4497 1389 4583 scriptum
1407 4497 1502 4563 will.
1518 4497 1655 4562 Melton.
1672 4496 1823 4583 Archiep.

671 4609 713 4674 ad
729 4607 783 4674 Pr.
798 4621 830 4672 et
846 4608 1001 4674 convent.
1016 4629 1112 4694 super
1125 4607 1301 4672 visitatione
1315 4605 1497 4672 eorundem.
1512 4629 1563 4672 an.
1583 4617 1676 4674 1888.

588 4717 747 4786 Particule
762 4719 957 4785 Testamenti
973 4719 1097 4785 Edwini
1114 4717 1212 4784 Arch.
1229 4718 1327 4784 Ebor.
1342 4719 1463 4784 exhibit
1478 4741 1518 4784 ex
1532 4731 1622 4805 perte
1644 4719 1777 4785 Retices
1791 4731 1824 4785 et

672 4829 866 4896 executionis
879 4831 978 4916 ipsius
993 4827 1143 4916 Archiep.
1160 4827 1391 4894 intervenientis
1406 4851 1465 4914 pro
1480 4829 1629 4894 interesse
1644 4851 1702 4894 suo
1715 4830 1748 4893 in
1771 4851 1827 4895 ex·

674 4943 779 5028 pensis
793 4946 851 5008 818.
1966 4953 2041 5013 886.

591 5057 762 5122 Prooeesus
784 5077 880 5142 anper
902 5055 1134 5122 examinatione
1157 5056 1230 5122 1811.
1254 5057 1400 5138 [Pierce]
1422 5054 1573 5142 Archiep.
1598 5053 1707 5120 Eborr‘r
1730 5075 1825 5141 super

677 5169 808 5233 materia
822 5189 862 5233 ex
876 5179 967 5254 parte
981 5167 1104 5233 Decen.
1119 5181 1151 5234 et
1167 5167 1271 5253 Cepit.
1287 5181 1398 5232 contre
1412 5189 1483 5232 eum
1499 5167 1629 5232 exhibit.
1971 5171 2046 5242 867.

595 5333 688 5400 1781.
712 5327 811 5394 Ι.ἰ1181
826 5327 978 5394 Ecclesiae
1004 5325 1202 5394 Cathedralis
1219 5327 1370 5392 Dunelm.
1386 5328 1462 5392 emit
1477 5327 1536 5392 Vir
1550 5339 1650 5394 rever
1667 5327 1751 5395 Tho.
1769 5327 1921 5420 Mengey,
1938 5327 2044 5400 LLD.

714 5439 864 5506 Ecclesiae
886 5439 948 5506 hoc
969 5462 1053 5504 anno
1076 5439 1307 5504 'I'hesourarius
1329 5439 1369 5504 de
1392 5439 1493 5505 Dom⁸
1514 5439 1635 5506 Milner
1655 5439 1757 5506 tribus
1777 5441 1881 5508 eureis
1898 5443 2047 5508 nummis.

719 5559 756 5633 [8
771 5552 994 5642 guineas.]·-(
997 5553 1068 5618 MS.
1084 5555 1166 5618 Note
1179 5555 1223 5616 od
1237 5555 1307 5617 init.
1322 5553 1449 5640 Libri.)

466 5820 526 5892 88.
553 5813 636 5889 Tne
654 5813 960 5890 Common-Place
978 5814 1083 5888 Book
1095 5813 1141 5888 of
1151 5839 1173 5889 a
1187 5812 1313 5890 Minor
1326 5813 1455 5890 Canon
1472 5813 1518 5889 of
1528 5813 1697 5888 Durham
1714 5813 1827 5890 inthe
1844 5817 2049 5916 beginning

556 5936 675 6013 nithe
692 5939 929 6014 seventeenth
948 5939 1124 6038 Century.
1176 5939 1214 6013 It
1230 5941 1395 6016 contains
1412 5940 1558 6016 curicus
1575 5938 1728 6016 Notices
1753 5939 1904 6016 relative
1921 5953 1960 6017 to
1984 5941 2049 6018 1118

557 6059 696 6138 solemn
714 6059 863 6160 League
881 6062 954 6136 and
973 6063 1174 6153 Covenant,
1196 6068 1263 6139 &c
2006 6073 2009 6079 “
