<?xml version="1.0" encoding="UTF-8"?>
<!DOCTYPE html PUBLIC "-//W3C//DTD XHTML 1.0 Transitional//EN"
    "http://www.w3.org/TR/xhtml1/DTD/xhtml1-transitional.dtd">
<html xmlns="http://www.w3.org/1999/xhtml" xml:lang="en" lang="en">
 <head>
  <title>
</title>
<meta http-equiv="Content-Type" content="text/html;charset=utf-8" />
  <meta name='ocr-system' content='tesseract 3.04.00' />
  <meta name='ocr-capabilities' content='ocr_page ocr_carea ocr_par ocr_line ocrx_word'/>
</head>
<body>
  <div class='ocr_page' id='page_1' title='image "./codicummanuscri00librgoog/codicummanuscri00librgoog_0120.png"; bbox 0 0 4650 7852; ppageno 0'>
   <div class='ocr_carea' id='block_1_1' title="bbox 476 967 1467 1044">
    <p class='ocr_par' dir='ltr' id='par_1_1' title="bbox 476 967 1467 1044">
     <span class='ocr_line' id='line_1_1' title="bbox 476 967 1467 1044; baseline -0.014 0"><span class='ocrx_word' id='word_1_1' title='bbox 476 967 548 1044; x_wconf 78' lang='lat'>106</span> <span class='ocrx_word' id='word_1_2' title='bbox 1030 983 1186 1037; x_wconf 84' lang='lat' dir='ltr'>comens</span> <span class='ocrx_word' id='word_1_3' title='bbox 1211 979 1467 1034; x_wconf 79' lang='lat' dir='ltr'>unnuscnrrrr</span> 
     </span>
    </p>
   </div>
   <div class='ocr_carea' id='block_1_2' title="bbox 282 1175 1995 1826">
    <p class='ocr_par' dir='ltr' id='par_1_2' title="bbox 282 1175 1995 1826">
     <span class='ocr_line' id='line_1_2' title="bbox 282 1175 1995 1270; baseline -0.008 -12"><span class='ocrx_word' id='word_1_4' title='bbox 282 1189 325 1265; x_wconf 89' lang='lat' dir='ltr'>B.</span> <span class='ocrx_word' id='word_1_5' title='bbox 345 1185 399 1264; x_wconf 83' lang='lat' dir='ltr'>II.</span> <span class='ocrx_word' id='word_1_6' title='bbox 419 1197 480 1268; x_wconf 75' lang='grc'>10.</span> <span class='ocrx_word' id='word_1_7' title='bbox 546 1188 586 1256; x_wconf 89' lang='lat' dir='ltr'>In</span> <span class='ocrx_word' id='word_1_8' title='bbox 601 1186 665 1252; x_wconf 88' lang='lat' dir='ltr'>line</span> <span class='ocrx_word' id='word_1_9' title='bbox 691 1183 764 1250; x_wconf 80' lang='lat' dir='ltr'>libri</span> <span class='ocrx_word' id='word_1_10' title='bbox 786 1180 949 1270; x_wconf 86' lang='lat' dir='ltr'>subjicitur</span> <span class='ocrx_word' id='word_1_11' title='bbox 965 1181 1159 1269; x_wconf 85' lang='lat' dir='ltr'>Hieronymi</span> <span class='ocrx_word' id='word_1_12' title='bbox 1180 1183 1220 1246; x_wconf 87' lang='lat' dir='ltr'>ab</span> <span class='ocrx_word' id='word_1_13' title='bbox 1242 1201 1400 1268; x_wconf 89' lang='lat' dir='ltr'>anonymo</span> <span class='ocrx_word' id='word_1_14' title='bbox 1422 1177 1567 1264; x_wconf 89' lang='lat' dir='ltr'>Scripta;</span> <span class='ocrx_word' id='word_1_15' title='bbox 1593 1199 1689 1265; x_wconf 90' lang='lat' dir='ltr'>quam</span> <span class='ocrx_word' id='word_1_16' title='bbox 1709 1175 1808 1242; x_wconf 86' lang='lat' dir='ltr'><strong>edidit</strong></span> <span class='ocrx_word' id='word_1_17' title='bbox 1825 1175 1995 1245; x_wconf 83' lang='lat' dir='ltr'>Marianus</span> 
     </span>
     <span class='ocr_line' id='line_1_3' title="bbox 288 1284 1992 1381; baseline -0.008 -12"><span class='ocrx_word' id='word_1_18' title='bbox 288 1284 380 1328; x_wconf 65' lang='lat'>&#39;⁰¹⁴⁰&#39;</span> <span class='ocrx_word' id='word_1_19' title='bbox 500 1301 660 1367; x_wconf 75' lang='lat' dir='ltr'>Vrctorius</span> <span class='ocrx_word' id='word_1_20' title='bbox 683 1299 717 1362; x_wconf 89' lang='lat' dir='ltr'>in</span> <span class='ocrx_word' id='word_1_21' title='bbox 740 1295 804 1359; x_wconf 88' lang='lat' dir='ltr'>line</span> <span class='ocrx_word' id='word_1_22' title='bbox 826 1293 922 1360; x_wconf 85' lang='lat' dir='ltr'>Tomi</span> <span class='ocrx_word' id='word_1_23' title='bbox 945 1305 966 1360; x_wconf 84' lang='lat'><em>9</em></span> <span class='ocrx_word' id='word_1_24' title='bbox 988 1317 1121 1380; x_wconf 87' lang='lat' dir='ltr'>operum</span> <span class='ocrx_word' id='word_1_25' title='bbox 1144 1292 1346 1381; x_wconf 82' lang='lat' dir='ltr'>Hieronymi.</span> <span class='ocrx_word' id='word_1_26' title='bbox 1393 1291 1446 1358; x_wconf 88' lang='lat' dir='ltr'>Sic</span> <span class='ocrx_word' id='word_1_27' title='bbox 1460 1289 1589 1377; x_wconf 86' lang='lat' dir='ltr'>incipit:</span> <span class='ocrx_word' id='word_1_28' title='bbox 1614 1298 1636 1332; x_wconf 77' lang='lat'>‘⁶</span> <span class='ocrx_word' id='word_1_29' title='bbox 1652 1289 1827 1378; x_wconf 83' lang='lat' dir='ltr'>Plerosque</span> <span class='ocrx_word' id='word_1_30' title='bbox 1841 1290 1992 1356; x_wconf 75' lang='lat' dir='ltr'>nimiunn</span> 
     </span>
     <span class='ocr_line' id='line_1_4' title="bbox 503 1400 1993 1493; baseline -0.007 -17"><span class='ocrx_word' id='word_1_31' title='bbox 503 1411 709 1478; x_wconf 85' lang='lat' dir='ltr'>“illustrium</span> <span class='ocrx_word' id='word_1_32' title='bbox 723 1408 864 1472; x_wconf 76' lang='lat' dir='ltr'>rherum</span> <span class='ocrx_word' id='word_1_33' title='bbox 885 1427 950 1470; x_wconf 93' lang='lat' dir='ltr'>non</span> <span class='ocrx_word' id='word_1_34' title='bbox 973 1405 1101 1493; x_wconf 79' lang='lat' dir='ltr'>ambigo</span> <span class='ocrx_word' id='word_1_35' title='bbox 1122 1407 1279 1470; x_wconf 84' lang='lat' dir='ltr'>nosse’&#39;--</span> <span class='ocrx_word' id='word_1_36' title='bbox 1323 1402 1440 1488; x_wconf 78' lang='lat' dir='ltr'>implet</span> <span class='ocrx_word' id='word_1_37' title='bbox 1452 1400 1527 1466; x_wconf 87' lang='lat' dir='ltr'>lolia</span> <span class='ocrx_word' id='word_1_38' title='bbox 1542 1405 1593 1487; x_wconf 59' lang='grc' dir='ltr'>εξ.</span> <span class='ocrx_word' id='word_1_39' title='bbox 1638 1401 1729 1468; x_wconf 86' lang='lat' dir='ltr'>Dicit</span> <span class='ocrx_word' id='word_1_40' title='bbox 1750 1423 1869 1466; x_wconf 86' lang='lat' dir='ltr'>annum</span> <span class='ocrx_word' id='word_1_41' title='bbox 1890 1403 1993 1468; x_wconf 73' lang='lat' dir='ltr'>:eutis</span> 
     </span>
     <span class='ocr_line' id='line_1_5' title="bbox 502 1518 1110 1608; baseline -0.013 -17"><span class='ocrx_word' id='word_1_42' title='bbox 502 1534 540 1592; x_wconf 88' lang='grc'>91</span> <span class='ocrx_word' id='word_1_43' title='bbox 559 1525 600 1589; x_wconf 88' lang='lat' dir='ltr'>ab</span> <span class='ocrx_word' id='word_1_44' title='bbox 616 1521 817 1608; x_wconf 85' lang='lat' dir='ltr'>Hieronymo</span> <span class='ocrx_word' id='word_1_45' title='bbox 830 1519 991 1605; x_wconf 85' lang='lat' dir='ltr'>expletum</span> <span class='ocrx_word' id='word_1_46' title='bbox 1005 1518 1110 1586; x_wconf 74' lang='lat' dir='ltr'>lenisse.</span> 
     </span>
     <span class='ocr_line' id='line_1_6' title="bbox 546 1627 1991 1722; baseline -0.007 -18"><span class='ocrx_word' id='word_1_47' title='bbox 546 1635 684 1704; x_wconf 68' lang='lat' dir='ltr'>Pulchre</span> <span class='ocrx_word' id='word_1_48' title='bbox 699 1635 834 1722; x_wconf 90' lang='lat' dir='ltr'>scriptus</span> <span class='ocrx_word' id='word_1_49' title='bbox 848 1646 896 1698; x_wconf 91' lang='lat' dir='ltr'>est</span> <span class='ocrx_word' id='word_1_50' title='bbox 909 1633 962 1698; x_wconf 89' lang='lat' dir='ltr'>hie</span> <span class='ocrx_word' id='word_1_51' title='bbox 977 1632 1107 1710; x_wconf 82' lang='lat' dir='ltr'>Codex;</span> <span class='ocrx_word' id='word_1_52' title='bbox 1130 1631 1221 1698; x_wconf 90' lang='lat' dir='ltr'>lineis</span> <span class='ocrx_word' id='word_1_53' title='bbox 1235 1631 1345 1696; x_wconf 85' lang='lat' dir='ltr'>divisis</span> <span class='ocrx_word' id='word_1_54' title='bbox 1353 1655 1362 1708; x_wconf 83' lang='lat'>3</span> <span class='ocrx_word' id='word_1_55' title='bbox 1382 1629 1480 1694; x_wconf 91' lang='lat' dir='ltr'>literis</span> <span class='ocrx_word' id='word_1_56' title='bbox 1495 1627 1716 1707; x_wconf 84' lang='lat' dir='ltr'>mediocribus,</span> <span class='ocrx_word' id='word_1_57' title='bbox 1733 1629 1896 1706; x_wconf 87' lang='lat' dir='ltr'>rotundis;</span> <span class='ocrx_word' id='word_1_58' title='bbox 1919 1640 1991 1694; x_wconf 74' lang='lat' dir='ltr'>mee</span> 
     </span>
     <span class='ocr_line' id='line_1_7' title="bbox 504 1738 1704 1826; baseline -0.008 -12"><span class='ocrx_word' id='word_1_59' title='bbox 504 1770 603 1814; x_wconf 86' lang='lat' dir='ltr'>annos</span> <span class='ocrx_word' id='word_1_60' title='bbox 618 1757 701 1816; x_wconf 85' lang='lat'>600:</span> <span class='ocrx_word' id='word_1_61' title='bbox 716 1745 840 1812; x_wconf 88' lang='lat' dir='ltr'>videtur</span> <span class='ocrx_word' id='word_1_62' title='bbox 854 1745 939 1810; x_wconf 86' lang='lat' dir='ltr'>enim</span> <span class='ocrx_word' id='word_1_63' title='bbox 952 1743 1047 1810; x_wconf 71' lang='lat' dir='ltr'>struae</span> <span class='ocrx_word' id='word_1_64' title='bbox 1061 1765 1143 1809; x_wconf 88' lang='lat' dir='ltr'>unus</span> <span class='ocrx_word' id='word_1_65' title='bbox 1158 1742 1177 1808; x_wconf 81' lang='grc' dir='ltr'>ὲ</span> <span class='ocrx_word' id='word_1_66' title='bbox 1190 1741 1279 1808; x_wconf 91' lang='lat' dir='ltr'>libris</span> <span class='ocrx_word' id='word_1_67' title='bbox 1296 1739 1461 1808; x_wconf 88' lang='lat' dir='ltr'>Guillelmi</span> <span class='ocrx_word' id='word_1_68' title='bbox 1478 1738 1526 1804; x_wconf 76' lang='lat'>1¹⁰¹</span> <span class='ocrx_word' id='word_1_69' title='bbox 1542 1739 1704 1826; x_wconf 84' lang='lat' dir='ltr'>Episcopi.</span> 
     </span>
    </p>
   </div>
   <div class='ocr_carea' id='block_1_3' title="bbox 421 2054 1295 2137">
    <p class='ocr_par' dir='ltr' id='par_1_3' title="bbox 421 2054 1295 2137">
     <span class='ocr_line' id='line_1_8' title="bbox 421 2054 1295 2137; baseline -0.01 -1"><span class='ocrx_word' id='word_1_70' title='bbox 421 2068 478 2137; x_wconf 95' lang='grc'>11.</span> <span class='ocrx_word' id='word_1_71' title='bbox 506 2060 735 2136; x_wconf 79' lang='lat' dir='ltr'>Hnsnonrur</span> <span class='ocrx_word' id='word_1_72' title='bbox 752 2081 799 2132; x_wconf 83' lang='lat' dir='ltr'>ns</span> <span class='ocrx_word' id='word_1_73' title='bbox 817 2079 990 2131; x_wconf 77' lang='lat' dir='ltr'>auronuu</span> <span class='ocrx_word' id='word_1_74' title='bbox 1009 2054 1217 2131; x_wconf 80' lang='lat' dir='ltr'>Oruscunn</span> <span class='ocrx_word' id='word_1_75' title='bbox 1234 2059 1295 2127; x_wconf 68' lang='lat'>82.</span> 
     </span>
    </p>
   </div>
   <div class='ocr_carea' id='block_1_4' title="bbox 505 2199 1991 2743">
    <p class='ocr_par' dir='ltr' id='par_1_4' title="bbox 505 2199 1991 2743">
     <span class='ocr_line' id='line_1_9' title="bbox 508 2199 1990 2284; baseline -0.008 -10"><span class='ocrx_word' id='word_1_76' title='bbox 508 2219 537 2276; x_wconf 91' lang='lat' dir='ltr'>l.</span> <span class='ocrx_word' id='word_1_77' title='bbox 561 2209 674 2273; x_wconf 84' lang='lat' dir='ltr'>Lrnan</span> <span class='ocrx_word' id='word_1_78' title='bbox 690 2206 928 2284; x_wconf 81' lang='lat' dir='ltr'>Qunsrronunr</span> <span class='ocrx_word' id='word_1_79' title='bbox 944 2205 1011 2269; x_wconf 88' lang='lat' dir='ltr'>Sc’r</span> <span class='ocrx_word' id='word_1_80' title='bbox 1026 2203 1104 2268; x_wconf 84' lang='lat' dir='ltr'>Jnn.</span> <span class='ocrx_word' id='word_1_81' title='bbox 1852 2199 1943 2264; x_wconf 89' lang='lat' dir='ltr'>Folio</span> <span class='ocrx_word' id='word_1_82' title='bbox 1958 2206 1990 2262; x_wconf 72' lang='lat'>2.</span> 
     </span>
     <span class='ocr_line' id='line_1_10' title="bbox 549 2311 1461 2406; baseline -0.013 -18"><span class='ocrx_word' id='word_1_83' title='bbox 549 2322 631 2388; x_wconf 91' lang='lat' dir='ltr'>Sunt</span> <span class='ocrx_word' id='word_1_84' title='bbox 646 2318 838 2406; x_wconf 89' lang='lat' dir='ltr'>Hieronymi</span> <span class='ocrx_word' id='word_1_85' title='bbox 854 2317 1055 2394; x_wconf 81' lang='lat' dir='ltr'>Quoestiones</span> <span class='ocrx_word' id='word_1_86' title='bbox 1072 2313 1244 2380; x_wconf 80' lang='lat' dir='ltr'>Hebraicoe</span> <span class='ocrx_word' id='word_1_87' title='bbox 1259 2313 1292 2376; x_wconf 91' lang='lat' dir='ltr'>in</span> <span class='ocrx_word' id='word_1_88' title='bbox 1309 2311 1461 2378; x_wconf 89' lang='lat' dir='ltr'>Genesin.</span> 
     </span>
     <span class='ocr_line' id='line_1_11' title="bbox 548 2423 1991 2516; baseline -0.005 -21"><span class='ocrx_word' id='word_1_89' title='bbox 548 2431 602 2496; x_wconf 88' lang='lat' dir='ltr'>Sic</span> <span class='ocrx_word' id='word_1_90' title='bbox 616 2430 789 2516; x_wconf 91' lang='lat' dir='ltr'>incipiunt:</span> <span class='ocrx_word' id='word_1_91' title='bbox 815 2437 836 2470; x_wconf 79' lang='lat'>‘⁶</span> <span class='ocrx_word' id='word_1_92' title='bbox 849 2427 915 2504; x_wconf 87' lang='lat' dir='ltr'>Qui</span> <span class='ocrx_word' id='word_1_93' title='bbox 929 2428 963 2490; x_wconf 91' lang='lat' dir='ltr'>in</span> <span class='ocrx_word' id='word_1_94' title='bbox 976 2425 1140 2512; x_wconf 90' lang='lat' dir='ltr'>principiis</span> <span class='ocrx_word' id='word_1_95' title='bbox 1154 2425 1309 2490; x_wconf 89' lang='lat' dir='ltr'>librorum</span> <span class='ocrx_word' id='word_1_96' title='bbox 1322 2423 1476 2490; x_wconf 80' lang='lat' dir='ltr'>debebam</span> <span class='ocrx_word' id='word_1_97' title='bbox 1492 2423 1630 2488; x_wconf 90' lang='lat' dir='ltr'>secuturi</span> <span class='ocrx_word' id='word_1_98' title='bbox 1651 2423 1756 2508; x_wconf 89' lang='lat' dir='ltr'>operis</span> <span class='ocrx_word' id='word_1_99' title='bbox 1770 2435 1991 2511; x_wconf 79' lang='lat' dir='ltr'>argumentum</span> 
     </span>
     <span class='ocr_line' id='line_1_12' title="bbox 592 2543 870 2628; baseline -0.004 -22"><span class='ocrx_word' id='word_1_100' title='bbox 592 2550 614 2584; x_wconf 88' lang='lat'><strong>“</strong></span> <span class='ocrx_word' id='word_1_101' title='bbox 627 2543 870 2628; x_wconf 89' lang='lat' dir='ltr'>proponere&#39;’-</span> 
     </span>
     <span class='ocr_line' id='line_1_13' title="bbox 505 2670 1990 2743; baseline -0.006 0"><span class='ocrx_word' id='word_1_102' title='bbox 505 2686 535 2743; x_wconf 77' lang='lat'>2.</span> <span class='ocrx_word' id='word_1_103' title='bbox 559 2676 672 2743; x_wconf 84' lang='lat' dir='ltr'>Lrnsn</span> <span class='ocrx_word' id='word_1_104' title='bbox 688 2697 732 2740; x_wconf 83' lang='lat' dir='ltr'>nn</span> <span class='ocrx_word' id='word_1_105' title='bbox 749 2697 939 2742; x_wconf 80' lang='lat' dir='ltr'>nrsrsnrns</span> <span class='ocrx_word' id='word_1_106' title='bbox 954 2695 1129 2742; x_wconf 79' lang='lat' dir='ltr'>noconunr.</span> <span class='ocrx_word' id='word_1_107' title='bbox 1869 2670 1922 2735; x_wconf 88' lang='lat' dir='ltr'>fol.</span> <span class='ocrx_word' id='word_1_108' title='bbox 1942 2680 1990 2737; x_wconf 80' lang='lat'>19.</span> 
     </span>
    </p>
   </div>
   <div class='ocr_carea' id='block_1_5' title="bbox 548 2779 1990 2984">
    <p class='ocr_par' dir='ltr' id='par_1_5' title="bbox 548 2779 1990 2984">
     <span class='ocr_line' id='line_1_14' title="bbox 548 2779 1990 2874; baseline -0.003 -22"><span class='ocrx_word' id='word_1_109' title='bbox 548 2787 606 2852; x_wconf 89' lang='lat' dir='ltr'>Est</span> <span class='ocrx_word' id='word_1_110' title='bbox 622 2787 813 2874; x_wconf 87' lang='lat' dir='ltr'>Hieronymi</span> <span class='ocrx_word' id='word_1_111' title='bbox 829 2786 927 2852; x_wconf 85' lang='lat' dir='ltr'>Liber</span> <span class='ocrx_word' id='word_1_112' title='bbox 948 2785 989 2850; x_wconf 91' lang='lat' dir='ltr'>de</span> <span class='ocrx_word' id='word_1_113' title='bbox 1011 2785 1107 2850; x_wconf 87' lang='lat' dir='ltr'>Locis</span> <span class='ocrx_word' id='word_1_114' title='bbox 1124 2783 1303 2848; x_wconf 78' lang='lat' dir='ltr'>Hebraicis.</span> <span class='ocrx_word' id='word_1_115' title='bbox 1350 2783 1403 2848; x_wconf 90' lang='lat' dir='ltr'>Sic</span> <span class='ocrx_word' id='word_1_116' title='bbox 1418 2781 1543 2867; x_wconf 89' lang='lat' dir='ltr'>incipit:</span> <span class='ocrx_word' id='word_1_117' title='bbox 1569 2779 1757 2846; x_wconf 86' lang='lat' dir='ltr'>“Eusebius</span> <span class='ocrx_word' id='word_1_118' title='bbox 1779 2781 1833 2867; x_wconf 92' lang='lat' dir='ltr'>qui</span> <span class='ocrx_word' id='word_1_119' title='bbox 1855 2804 1874 2844; x_wconf 84' lang='lat' dir='ltr'>a</span> <span class='ocrx_word' id='word_1_120' title='bbox 1896 2782 1990 2846; x_wconf 89' lang='lat' dir='ltr'>beato</span> 
     </span>
     <span class='ocr_line' id='line_1_15' title="bbox 592 2895 1445 2984; baseline -0.005 -20"><span class='ocrx_word' id='word_1_121' title='bbox 592 2908 613 2940; x_wconf 90' lang='lat'>“</span> <span class='ocrx_word' id='word_1_122' title='bbox 629 2899 797 2984; x_wconf 89' lang='lat' dir='ltr'>Pamphilo</span> <span class='ocrx_word' id='word_1_123' title='bbox 811 2898 938 2962; x_wconf 86' lang='lat' dir='ltr'>martire</span> <span class='ocrx_word' id='word_1_124' title='bbox 953 2917 1129 2984; x_wconf 79' lang='lat' dir='ltr'>cognomen</span> <span class='ocrx_word' id='word_1_125' title='bbox 1143 2895 1271 2958; x_wconf 87' lang='lat' dir='ltr'>sortitus</span> <span class='ocrx_word' id='word_1_126' title='bbox 1286 2896 1397 2958; x_wconf 83' lang='lat' dir='ltr'>est”-</span> <span class='ocrx_word' id='word_1_127' title='bbox 1443 2955 1445 2960; x_wconf 91' lang='lat'>.</span> 
     </span>
    </p>
   </div>
   <div class='ocr_carea' id='block_1_6' title="bbox 491 3030 2007 5887">
    <p class='ocr_par' dir='ltr' id='par_1_6' title="bbox 507 3030 1991 3105">
     <span class='ocr_line' id='line_1_16' title="bbox 507 3030 1991 3105; baseline -0.007 0"><span class='ocrx_word' id='word_1_128' title='bbox 507 3049 537 3105; x_wconf 77' lang='lat' dir='ltr'>t.</span> <span class='ocrx_word' id='word_1_129' title='bbox 559 3040 733 3104; x_wconf 84' lang='lat' dir='ltr'>Jnaonnur</span> <span class='ocrx_word' id='word_1_130' title='bbox 752 3038 1093 3102; x_wconf 78' lang='lat' dir='ltr'>Innnnnnnrsnronss</span> <span class='ocrx_word' id='word_1_131' title='bbox 1110 3033 1340 3098; x_wconf 78' lang='lat' dir='ltr'>Ennsrconuu</span> <span class='ocrx_word' id='word_1_132' title='bbox 1357 3031 1546 3096; x_wconf 78' lang='lat' dir='ltr'>Nominum.</span> <span class='ocrx_word' id='word_1_133' title='bbox 1847 3030 1923 3094; x_wconf 89' lang='lat' dir='ltr'>folio</span> <span class='ocrx_word' id='word_1_134' title='bbox 1940 3041 1991 3097; x_wconf 81' lang='grc'>36.</span> 
     </span>
    </p>

    <p class='ocr_par' dir='ltr' id='par_1_7' title="bbox 550 3140 1523 3240">
     <span class='ocr_line' id='line_1_17' title="bbox 550 3140 1523 3240; baseline -0.008 -26"><span class='ocrx_word' id='word_1_135' title='bbox 550 3149 705 3236; x_wconf 86' lang='lat' dir='ltr'>Prologus</span> <span class='ocrx_word' id='word_1_136' title='bbox 720 3149 764 3214; x_wconf 89' lang='lat' dir='ltr'>sic</span> <span class='ocrx_word' id='word_1_137' title='bbox 779 3147 906 3232; x_wconf 90' lang='lat' dir='ltr'>incipit:</span> <span class='ocrx_word' id='word_1_138' title='bbox 932 3144 1059 3210; x_wconf 90' lang='lat' dir='ltr'>“Philo</span> <span class='ocrx_word' id='word_1_139' title='bbox 1074 3145 1121 3206; x_wconf 92' lang='lat' dir='ltr'>vir</span> <span class='ocrx_word' id='word_1_140' title='bbox 1135 3143 1356 3207; x_wconf 87' lang='lat' dir='ltr'>disertissimus</span> <span class='ocrx_word' id='word_1_141' title='bbox 1371 3142 1392 3206; x_wconf 88' lang='lat' dir='ltr'>J</span> <span class='ocrx_word' id='word_1_142' title='bbox 1396 3140 1523 3240; x_wconf 74' lang='lat' dir='ltr'>udeoy.&#39;&#39;</span> 
     </span>
    </p>

    <p class='ocr_par' dir='ltr' id='par_1_8' title="bbox 554 3251 1994 3568">
     <span class='ocr_line' id='line_1_18' title="bbox 554 3251 1994 3344; baseline -0.006 -21"><span class='ocrx_word' id='word_1_143' title='bbox 554 3258 695 3324; x_wconf 86' lang='lat' dir='ltr'>Nomina</span> <span class='ocrx_word' id='word_1_144' title='bbox 720 3260 788 3344; x_wconf 89' lang='lat' dir='ltr'>ipsa</span> <span class='ocrx_word' id='word_1_145' title='bbox 813 3256 942 3342; x_wconf 88' lang='lat' dir='ltr'>propria</span> <span class='ocrx_word' id='word_1_146' title='bbox 963 3254 1160 3340; x_wconf 77' lang='lat' dir='ltr'>alphabetico</span> <span class='ocrx_word' id='word_1_147' title='bbox 1182 3253 1293 3318; x_wconf 90' lang='lat' dir='ltr'>ordine</span> <span class='ocrx_word' id='word_1_148' title='bbox 1318 3253 1547 3338; x_wconf 82' lang='lat' dir='ltr'>disponuntur3</span> <span class='ocrx_word' id='word_1_149' title='bbox 1574 3252 1695 3318; x_wconf 65' lang='lat' dir='ltr'>servati</span> <span class='ocrx_word' id='word_1_150' title='bbox 1713 3263 1818 3316; x_wconf 86' lang='lat' dir='ltr'>tamen</span> <span class='ocrx_word' id='word_1_151' title='bbox 1840 3251 1994 3316; x_wconf 90' lang='lat' dir='ltr'>librorum</span> 
     </span>
     <span class='ocr_line' id='line_1_19' title="bbox 591 3367 1993 3457; baseline -0.004 -19"><span class='ocrx_word' id='word_1_152' title='bbox 591 3372 688 3438; x_wconf 86' lang='lat' dir='ltr'>serie:</span> <span class='ocrx_word' id='word_1_153' title='bbox 712 3373 756 3436; x_wconf 80' lang='lat' dir='ltr'>ita</span> <span class='ocrx_word' id='word_1_154' title='bbox 773 3380 826 3436; x_wconf 76' lang='lat'>1¹²⁰</span> <span class='ocrx_word' id='word_1_155' title='bbox 842 3381 1041 3456; x_wconf 85' lang='lat' dir='ltr'>exponantur</span> <span class='ocrx_word' id='word_1_156' title='bbox 1056 3369 1184 3432; x_wconf 89' lang='lat' dir='ltr'>nomina</span> <span class='ocrx_word' id='word_1_157' title='bbox 1198 3391 1270 3454; x_wconf 83' lang='lat' dir='ltr'>qua:</span> <span class='ocrx_word' id='word_1_158' title='bbox 1285 3369 1433 3457; x_wconf 90' lang='lat' dir='ltr'>leguntur</span> <span class='ocrx_word' id='word_1_159' title='bbox 1447 3367 1480 3430; x_wconf 93' lang='lat' dir='ltr'>in</span> <span class='ocrx_word' id='word_1_160' title='bbox 1497 3367 1632 3433; x_wconf 87' lang='lat' dir='ltr'>Genesi:</span> <span class='ocrx_word' id='word_1_161' title='bbox 1658 3367 1705 3430; x_wconf 56' lang='grc' dir='ltr'>ΨΟ</span> <span class='ocrx_word' id='word_1_162' title='bbox 1724 3390 1796 3455; x_wconf 82' lang='lat' dir='ltr'>quae</span> <span class='ocrx_word' id='word_1_163' title='bbox 1810 3369 1842 3430; x_wconf 91' lang='lat' dir='ltr'>in</span> <span class='ocrx_word' id='word_1_164' title='bbox 1860 3367 1993 3433; x_wconf 86' lang='lat' dir='ltr'>Exodo:</span> 
     </span>
     <span class='ocr_line' id='line_1_20' title="bbox 593 3484 853 3568; baseline -0.012 -19"><span class='ocrx_word' id='word_1_165' title='bbox 593 3487 623 3550; x_wconf 87' lang='lat'>&amp;</span> <span class='ocrx_word' id='word_1_166' title='bbox 637 3485 682 3548; x_wconf 90' lang='lat' dir='ltr'>sic</span> <span class='ocrx_word' id='word_1_167' title='bbox 696 3484 853 3568; x_wconf 89' lang='lat' dir='ltr'>deinceps.</span> 
     </span>
    </p>

    <p class='ocr_par' dir='ltr' id='par_1_9' title="bbox 553 3588 2003 4679">
     <span class='ocr_line' id='line_1_21' title="bbox 553 3588 1995 3682; baseline -0.007 -20"><span class='ocrx_word' id='word_1_168' title='bbox 553 3598 591 3662; x_wconf 92' lang='lat' dir='ltr'>In</span> <span class='ocrx_word' id='word_1_169' title='bbox 606 3597 669 3661; x_wconf 89' lang='lat' dir='ltr'>fine</span> <span class='ocrx_word' id='word_1_170' title='bbox 684 3596 872 3682; x_wconf 88' lang='lat' dir='ltr'>adjiciuntur</span> <span class='ocrx_word' id='word_1_171' title='bbox 893 3593 1021 3659; x_wconf 74' lang='lat' dir='ltr'>nonina</span> <span class='ocrx_word' id='word_1_172' title='bbox 1044 3595 1223 3658; x_wconf 84' lang='lat' dir='ltr'>Literarum</span> <span class='ocrx_word' id='word_1_173' title='bbox 1247 3592 1470 3670; x_wconf 81' lang='lat' dir='ltr'>Hebraearum,</span> <span class='ocrx_word' id='word_1_174' title='bbox 1492 3615 1565 3657; x_wconf 91' lang='lat' dir='ltr'>cum</span> <span class='ocrx_word' id='word_1_175' title='bbox 1587 3591 1844 3678; x_wconf 87' lang='lat' dir='ltr'>interpretatione</span> <span class='ocrx_word' id='word_1_176' title='bbox 1861 3588 1995 3654; x_wconf 72' lang='lat' dir='ltr'>Latini:</span> 
     </span>
     <span class='ocr_line' id='line_1_22' title="bbox 595 3701 1997 3791; baseline -0.004 -19"><span class='ocrx_word' id='word_1_177' title='bbox 595 3722 640 3787; x_wconf 90' lang='lat' dir='ltr'>ut,</span> <span class='ocrx_word' id='word_1_178' title='bbox 665 3717 686 3749; x_wconf 78' lang='lat'>‘⁶</span> <span class='ocrx_word' id='word_1_179' title='bbox 698 3706 814 3791; x_wconf 87' lang='lat' dir='ltr'>Alepb,</span> <span class='ocrx_word' id='word_1_180' title='bbox 830 3707 925 3783; x_wconf 90' lang='lat' dir='ltr'>mille,</span> <span class='ocrx_word' id='word_1_181' title='bbox 942 3706 1000 3784; x_wconf 84' lang='lat' dir='ltr'>vel,</span> <span class='ocrx_word' id='word_1_182' title='bbox 1017 3706 1169 3770; x_wconf 82' lang='lat' dir='ltr'>doctrina.</span> <span class='ocrx_word' id='word_1_183' title='bbox 1216 3701 1308 3783; x_wconf 92' lang='lat' dir='ltr'>Beth,</span> <span class='ocrx_word' id='word_1_184' title='bbox 1322 3705 1435 3770; x_wconf 90' lang='lat' dir='ltr'>domus</span> <span class='ocrx_word' id='word_1_185' title='bbox 1449 3707 1527 3770; x_wconf 84' lang='lat' dir='ltr'>&amp;c.&#39;’</span> <span class='ocrx_word' id='word_1_186' title='bbox 1573 3703 1654 3768; x_wconf 88' lang='lat' dir='ltr'>Item</span> <span class='ocrx_word' id='word_1_187' title='bbox 1671 3703 1849 3767; x_wconf 89' lang='lat' dir='ltr'>Literarum</span> <span class='ocrx_word' id='word_1_188' title='bbox 1866 3701 1997 3767; x_wconf 82' lang='lat' dir='ltr'>Graeca-</span> 
     </span>
     <span class='ocr_line' id='line_1_23' title="bbox 594 3811 1996 3906; baseline -0.005 -23"><span class='ocrx_word' id='word_1_189' title='bbox 594 3841 666 3884; x_wconf 89' lang='lat' dir='ltr'>rum</span> <span class='ocrx_word' id='word_1_190' title='bbox 683 3817 809 3906; x_wconf 84' lang='lat' dir='ltr'>Figurae</span> <span class='ocrx_word' id='word_1_191' title='bbox 823 3829 855 3880; x_wconf 88' lang='lat' dir='ltr'>et</span> <span class='ocrx_word' id='word_1_192' title='bbox 871 3815 1029 3880; x_wconf 89' lang='lat' dir='ltr'>Nomina:</span> <span class='ocrx_word' id='word_1_193' title='bbox 1051 3815 1164 3902; x_wconf 88' lang='lat' dir='ltr'>quibus</span> <span class='ocrx_word' id='word_1_194' title='bbox 1180 3813 1310 3902; x_wconf 90' lang='lat' dir='ltr'>singulis</span> <span class='ocrx_word' id='word_1_195' title='bbox 1325 3827 1528 3900; x_wconf 89' lang='lat' dir='ltr'>apponuntur</span> <span class='ocrx_word' id='word_1_196' title='bbox 1548 3835 1641 3878; x_wconf 81' lang='lat' dir='ltr'>voces</span> <span class='ocrx_word' id='word_1_197' title='bbox 1657 3813 1798 3890; x_wconf 83' lang='lat' dir='ltr'>Latinae3</span> <span class='ocrx_word' id='word_1_198' title='bbox 1821 3811 1877 3876; x_wconf 91' lang='lat' dir='ltr'>sed</span> <span class='ocrx_word' id='word_1_199' title='bbox 1892 3825 1996 3877; x_wconf 90' lang='lat' dir='ltr'>utrum</span> 
     </span>
     <span class='ocr_line' id='line_1_24' title="bbox 596 3924 1997 4010; baseline -0.005 -17"><span class='ocrx_word' id='word_1_200' title='bbox 596 3928 636 3993; x_wconf 90' lang='lat' dir='ltr'>ad</span> <span class='ocrx_word' id='word_1_201' title='bbox 651 3925 866 3992; x_wconf 87' lang='lat' dir='ltr'>denotandum</span> <span class='ocrx_word' id='word_1_202' title='bbox 880 3925 1041 3990; x_wconf 90' lang='lat' dir='ltr'>literarum</span> <span class='ocrx_word' id='word_1_203' title='bbox 1052 3925 1084 3988; x_wconf 92' lang='lat' dir='ltr'>in</span> <span class='ocrx_word' id='word_1_204' title='bbox 1096 3924 1331 4009; x_wconf 87' lang='lat' dir='ltr'>pronuntiando</span> <span class='ocrx_word' id='word_1_205' title='bbox 1345 3938 1551 4010; x_wconf 67' lang='lat' dir='ltr'>potestatem</span> <span class='ocrx_word' id='word_1_206' title='bbox 1567 3947 1607 3988; x_wconf 89' lang='lat' dir='ltr'>an</span> <span class='ocrx_word' id='word_1_207' title='bbox 1622 3947 1736 3989; x_wconf 90' lang='lat' dir='ltr'>vocum</span> <span class='ocrx_word' id='word_1_208' title='bbox 1748 3925 1934 3990; x_wconf 85' lang='lat' dir='ltr'>Graecarum</span> <span class='ocrx_word' id='word_1_209' title='bbox 1950 3924 1997 3986; x_wconf 92' lang='lat' dir='ltr'>in-</span> 
     </span>
     <span class='ocr_line' id='line_1_25' title="bbox 598 4035 1998 4124; baseline -0.003 -21"><span class='ocrx_word' id='word_1_210' title='bbox 598 4039 846 4124; x_wconf 89' lang='lat' dir='ltr'>terpretationes,</span> <span class='ocrx_word' id='word_1_211' title='bbox 862 4059 927 4100; x_wconf 92' lang='lat' dir='ltr'>non</span> <span class='ocrx_word' id='word_1_212' title='bbox 943 4037 1016 4100; x_wconf 87' lang='lat' dir='ltr'>satis</span> <span class='ocrx_word' id='word_1_213' title='bbox 1032 4037 1106 4100; x_wconf 90' lang='lat' dir='ltr'>scio.</span> <span class='ocrx_word' id='word_1_214' title='bbox 1152 4036 1213 4102; x_wconf 87' lang='lat' dir='ltr'>Ex.</span> <span class='ocrx_word' id='word_1_215' title='bbox 1227 4059 1276 4124; x_wconf 91' lang='lat' dir='ltr'>gr.</span> <span class='ocrx_word' id='word_1_216' title='bbox 1294 4045 1315 4077; x_wconf 83' lang='lat'>‘⁶</span> <span class='ocrx_word' id='word_1_217' title='bbox 1328 4036 1444 4121; x_wconf 87' lang='lat' dir='ltr'>Alphu,</span> <span class='ocrx_word' id='word_1_218' title='bbox 1461 4036 1608 4124; x_wconf 86' lang='lat' dir='ltr'>agricola.</span> <span class='ocrx_word' id='word_1_219' title='bbox 1652 4035 1742 4114; x_wconf 89' lang='lat' dir='ltr'>Beta,</span> <span class='ocrx_word' id='word_1_220' title='bbox 1756 4049 1853 4101; x_wconf 87' lang='lat' dir='ltr'>vetus.</span> <span class='ocrx_word' id='word_1_221' title='bbox 1899 4037 1998 4100; x_wconf 85' lang='lat' dir='ltr'>Garn-</span> 
     </span>
     <span class='ocr_line' id='line_1_26' title="bbox 599 4141 1998 4238; baseline -0.002 -24"><span class='ocrx_word' id='word_1_222' title='bbox 599 4160 621 4192; x_wconf 88' lang='lat'>“</span> <span class='ocrx_word' id='word_1_223' title='bbox 635 4173 697 4228; x_wconf 89' lang='lat' dir='ltr'>ma,</span> <span class='ocrx_word' id='word_1_224' title='bbox 722 4141 836 4238; x_wconf 63' lang='lat' dir='ltr'>Virga„¹</span> <span class='ocrx_word' id='word_1_225' title='bbox 875 4147 982 4224; x_wconf 82' lang='lat' dir='ltr'>Delta,</span> <span class='ocrx_word' id='word_1_226' title='bbox 1005 4147 1238 4212; x_wconf 77' lang='lat' dir='ltr'>correctionis”</span> <span class='ocrx_word' id='word_1_227' title='bbox 1288 4147 1439 4234; x_wconf 88' lang='lat' dir='ltr'>Agricola</span> <span class='ocrx_word' id='word_1_228' title='bbox 1461 4169 1545 4224; x_wconf 89' lang='lat' dir='ltr'>sane,</span> <span class='ocrx_word' id='word_1_229' title='bbox 1574 4149 1683 4224; x_wconf 90' lang='lat' dir='ltr'>Vetus,</span> <span class='ocrx_word' id='word_1_230' title='bbox 1712 4147 1821 4235; x_wconf 85' lang='lat' dir='ltr'>Virga,</span> <span class='ocrx_word' id='word_1_231' title='bbox 1849 4147 1998 4211; x_wconf 85' lang='lat' dir='ltr'>denotare</span> 
     </span>
     <span class='ocr_line' id='line_1_27' title="bbox 597 4256 1999 4343; baseline 0 -19"><span class='ocrx_word' id='word_1_232' title='bbox 597 4261 745 4326; x_wconf 80' lang='lat' dir='ltr'>videntur</span> <span class='ocrx_word' id='word_1_233' title='bbox 759 4281 868 4324; x_wconf 89' lang='lat' dir='ltr'>earum</span> <span class='ocrx_word' id='word_1_234' title='bbox 887 4259 1049 4324; x_wconf 86' lang='lat' dir='ltr'>literarum</span> <span class='ocrx_word' id='word_1_235' title='bbox 1072 4258 1104 4320; x_wconf 93' lang='lat' dir='ltr'>in</span> <span class='ocrx_word' id='word_1_236' title='bbox 1127 4259 1363 4343; x_wconf 86' lang='lat' dir='ltr'>pronuntiando</span> <span class='ocrx_word' id='word_1_237' title='bbox 1377 4259 1457 4322; x_wconf 90' lang='lat' dir='ltr'>vim:</span> <span class='ocrx_word' id='word_1_238' title='bbox 1482 4265 1533 4338; x_wconf 91' lang='lat' dir='ltr'>[ut</span> <span class='ocrx_word' id='word_1_239' title='bbox 1548 4257 1655 4343; x_wconf 81' lang='lat' dir='ltr'>Alphe</span> <span class='ocrx_word' id='word_1_240' title='bbox 1671 4271 1761 4322; x_wconf 90' lang='lat' dir='ltr'>sonet</span> <span class='ocrx_word' id='word_1_241' title='bbox 1782 4281 1820 4334; x_wconf 77' lang='lat' dir='ltr'>a:</span> <span class='ocrx_word' id='word_1_242' title='bbox 1847 4256 1937 4336; x_wconf 80' lang='lat' dir='ltr'>Beta,</span> <span class='ocrx_word' id='word_1_243' title='bbox 1962 4283 1999 4335; x_wconf 89' lang='lat' dir='ltr'>u;</span> 
     </span>
     <span class='ocr_line' id='line_1_28' title="bbox 601 4368 2001 4457; baseline -0.004 -19"><span class='ocrx_word' id='word_1_244' title='bbox 601 4373 746 4448; x_wconf 83' lang='lat' dir='ltr'>Gemma,</span> <span class='ocrx_word' id='word_1_245' title='bbox 758 4395 783 4455; x_wconf 85' lang='lat' dir='ltr'>g</span> <span class='ocrx_word' id='word_1_246' title='bbox 793 4377 819 4452; x_wconf 76' lang='grc' dir='ltr'>ε]</span> <span class='ocrx_word' id='word_1_247' title='bbox 847 4369 910 4435; x_wconf 86' lang='lat' dir='ltr'>Sed</span> <span class='ocrx_word' id='word_1_248' title='bbox 925 4369 1001 4457; x_wconf 92' lang='lat' dir='ltr'>quid</span> <span class='ocrx_word' id='word_1_249' title='bbox 1015 4370 1116 4434; x_wconf 90' lang='lat' dir='ltr'>simile</span> <span class='ocrx_word' id='word_1_250' title='bbox 1131 4383 1178 4434; x_wconf 88' lang='lat' dir='ltr'>est</span> <span class='ocrx_word' id='word_1_251' title='bbox 1193 4371 1225 4434; x_wconf 92' lang='lat' dir='ltr'>in</span> <span class='ocrx_word' id='word_1_252' title='bbox 1241 4371 1346 4450; x_wconf 82' lang='lat' dir='ltr'>Delta,</span> <span class='ocrx_word' id='word_1_253' title='bbox 1363 4385 1395 4436; x_wconf 90' lang='lat' dir='ltr'>et</span> <span class='ocrx_word' id='word_1_254' title='bbox 1407 4369 1647 4436; x_wconf 84' lang='lat' dir='ltr'>Correctionis?</span> <span class='ocrx_word' id='word_1_255' title='bbox 1672 4370 1723 4434; x_wconf 92' lang='lat' dir='ltr'>Sic</span> <span class='ocrx_word' id='word_1_256' title='bbox 1739 4369 1772 4430; x_wconf 92' lang='lat' dir='ltr'>in</span> <span class='ocrx_word' id='word_1_257' title='bbox 1788 4368 1902 4446; x_wconf 78' lang='lat' dir='ltr'>lhete,</span> <span class='ocrx_word' id='word_1_258' title='bbox 1922 4369 2001 4434; x_wconf 89' lang='lat' dir='ltr'>Pos-</span> 
     </span>
     <span class='ocr_line' id='line_1_29' title="bbox 599 4479 2001 4568; baseline -0.002 -22"><span class='ocrx_word' id='word_1_259' title='bbox 599 4481 712 4546; x_wconf 88' lang='lat' dir='ltr'>sessio:</span> <span class='ocrx_word' id='word_1_260' title='bbox 739 4481 862 4566; x_wconf 90' lang='lat' dir='ltr'>Kappa,</span> <span class='ocrx_word' id='word_1_261' title='bbox 888 4480 1039 4566; x_wconf 89' lang='lat' dir='ltr'>Populis:</span> <span class='ocrx_word' id='word_1_262' title='bbox 1062 4493 1094 4545; x_wconf 90' lang='lat' dir='ltr'>et</span> <span class='ocrx_word' id='word_1_263' title='bbox 1116 4481 1254 4568; x_wconf 88' lang='lat' dir='ltr'>reliquis.</span> <span class='ocrx_word' id='word_1_264' title='bbox 1311 4481 1380 4546; x_wconf 89' lang='lat' dir='ltr'>Nec</span> <span class='ocrx_word' id='word_1_265' title='bbox 1401 4481 1523 4546; x_wconf 89' lang='lat' dir='ltr'>meliori</span> <span class='ocrx_word' id='word_1_266' title='bbox 1541 4483 1614 4567; x_wconf 89' lang='lat' dir='ltr'>jure</span> <span class='ocrx_word' id='word_1_267' title='bbox 1637 4479 1916 4564; x_wconf 83' lang='lat' dir='ltr'>Interpretationes</span> <span class='ocrx_word' id='word_1_268' title='bbox 1938 4481 2001 4546; x_wconf 92' lang='lat' dir='ltr'>dici</span> 
     </span>
     <span class='ocr_line' id='line_1_30' title="bbox 599 4589 2003 4679; baseline 0 -23"><span class='ocrx_word' id='word_1_269' title='bbox 599 4605 748 4679; x_wconf 85' lang='lat' dir='ltr'>possunt3</span> <span class='ocrx_word' id='word_1_270' title='bbox 775 4593 850 4679; x_wconf 88' lang='lat' dir='ltr'>quia</span> <span class='ocrx_word' id='word_1_271' title='bbox 865 4591 1050 4656; x_wconf 79' lang='lat' dir='ltr'>Graecarum</span> <span class='ocrx_word' id='word_1_272' title='bbox 1065 4592 1227 4657; x_wconf 89' lang='lat' dir='ltr'>literarum</span> <span class='ocrx_word' id='word_1_273' title='bbox 1248 4593 1386 4670; x_wconf 81' lang='lat' dir='ltr'>nomina,</span> <span class='ocrx_word' id='word_1_274' title='bbox 1413 4614 1486 4656; x_wconf 90' lang='lat' dir='ltr'>cum</span> <span class='ocrx_word' id='word_1_275' title='bbox 1501 4591 1541 4655; x_wconf 87' lang='lat' dir='ltr'>ab</span> <span class='ocrx_word' id='word_1_276' title='bbox 1565 4590 1715 4656; x_wconf 77' lang='lat' dir='ltr'>Hebraeis</span> <span class='ocrx_word' id='word_1_277' title='bbox 1736 4589 1887 4678; x_wconf 87' lang='lat' dir='ltr'>pleraque</span> <span class='ocrx_word' id='word_1_278' title='bbox 1901 4592 2003 4656; x_wconf 89' lang='lat' dir='ltr'>dedu·</span> 
     </span>
    </p>

    <p class='ocr_par' dir='ltr' id='par_1_10' title="bbox 491 4701 2007 5887">
     <span class='ocr_line' id='line_1_31' title="bbox 491 4701 2003 4792; baseline -0.002 -21"><span class='ocrx_word' id='word_1_279' title='bbox 491 4755 495 4763; x_wconf 84' lang='lat'>.</span> <span class='ocrx_word' id='word_1_280' title='bbox 602 4717 726 4782; x_wconf 89' lang='lat' dir='ltr'>cuntur,</span> <span class='ocrx_word' id='word_1_281' title='bbox 751 4705 784 4767; x_wconf 91' lang='lat' dir='ltr'>in</span> <span class='ocrx_word' id='word_1_282' title='bbox 801 4703 915 4769; x_wconf 69' lang='lat' dir='ltr'>Greci</span> <span class='ocrx_word' id='word_1_283' title='bbox 938 4703 1045 4792; x_wconf 76' lang='lat' dir='ltr'>lingui</span> <span class='ocrx_word' id='word_1_284' title='bbox 1068 4705 1186 4768; x_wconf 91' lang='lat' dir='ltr'>nullam</span> <span class='ocrx_word' id='word_1_285' title='bbox 1208 4703 1327 4769; x_wconf 91' lang='lat' dir='ltr'>habent</span> <span class='ocrx_word' id='word_1_286' title='bbox 1341 4703 1620 4792; x_wconf 89' lang='lat' dir='ltr'>significationem:</span> <span class='ocrx_word' id='word_1_287' title='bbox 1648 4701 1744 4767; x_wconf 78' lang='lat' dir='ltr'>etha:</span> <span class='ocrx_word' id='word_1_288' title='bbox 1759 4703 2003 4791; x_wconf 88' lang='lat' dir='ltr'>significationes</span> 
     </span>
     <span class='ocr_line' id='line_1_32' title="bbox 603 4814 2003 4904; baseline 0.001 -23"><span class='ocrx_word' id='word_1_289' title='bbox 603 4817 643 4881; x_wconf 93' lang='lat' dir='ltr'>ab</span> <span class='ocrx_word' id='word_1_290' title='bbox 661 4815 809 4880; x_wconf 84' lang='lat' dir='ltr'>Hebraeis</span> <span class='ocrx_word' id='word_1_291' title='bbox 829 4814 1010 4904; x_wconf 68' lang='lat' dir='ltr'>longissime</span> <span class='ocrx_word' id='word_1_292' title='bbox 1024 4816 1184 4880; x_wconf 88' lang='lat' dir='ltr'>recedunt.</span> <span class='ocrx_word' id='word_1_293' title='bbox 1231 4817 1296 4881; x_wconf 87' lang='lat' dir='ltr'>Sed</span> <span class='ocrx_word' id='word_1_294' title='bbox 1311 4817 1343 4879; x_wconf 96' lang='lat' dir='ltr'>in</span> <span class='ocrx_word' id='word_1_295' title='bbox 1358 4816 1395 4882; x_wconf 76' lang='lat' dir='ltr'>ed</span> <span class='ocrx_word' id='word_1_296' title='bbox 1410 4827 1512 4894; x_wconf 75' lang='lat' dir='ltr'>aetate,</span> <span class='ocrx_word' id='word_1_297' title='bbox 1535 4815 1609 4880; x_wconf 89' lang='lat' dir='ltr'>licet</span> <span class='ocrx_word' id='word_1_298' title='bbox 1622 4815 1764 4878; x_wconf 89' lang='lat' dir='ltr'>omnium</span> <span class='ocrx_word' id='word_1_299' title='bbox 1779 4815 2003 4896; x_wconf 70' lang='lat' dir='ltr'>indoctissimi,</span> 
     </span>
     <span class='ocr_line' id='line_1_33' title="bbox 604 4925 2005 5017; baseline 0.001 -25"><span class='ocrx_word' id='word_1_300' title='bbox 604 4949 668 4992; x_wconf 91' lang='lat' dir='ltr'>non</span> <span class='ocrx_word' id='word_1_301' title='bbox 685 4925 812 4992; x_wconf 90' lang='lat' dir='ltr'>defuere</span> <span class='ocrx_word' id='word_1_302' title='bbox 826 4939 931 4992; x_wconf 91' lang='lat' dir='ltr'>tamen</span> <span class='ocrx_word' id='word_1_303' title='bbox 946 4927 1001 5013; x_wconf 92' lang='lat' dir='ltr'>qui</span> <span class='ocrx_word' id='word_1_304' title='bbox 1025 4932 1079 5012; x_wconf 90' lang='lat' dir='ltr'>(ne</span> <span class='ocrx_word' id='word_1_305' title='bbox 1093 4928 1212 5016; x_wconf 87' lang='lat' dir='ltr'>aliquid</span> <span class='ocrx_word' id='word_1_306' title='bbox 1227 4929 1373 5017; x_wconf 90' lang='lat' dir='ltr'>ignorare</span> <span class='ocrx_word' id='word_1_307' title='bbox 1388 4928 1583 5009; x_wconf 88' lang='lat' dir='ltr'>viderentur)</span> <span class='ocrx_word' id='word_1_308' title='bbox 1606 4949 1697 4992; x_wconf 76' lang='lat' dir='ltr'>voces</span> <span class='ocrx_word' id='word_1_309' title='bbox 1712 4927 1805 4994; x_wconf 89' lang='lat' dir='ltr'>etiam</span> <span class='ocrx_word' id='word_1_310' title='bbox 1821 4951 1930 4994; x_wconf 89' lang='lat' dir='ltr'>earum</span> <span class='ocrx_word' id='word_1_311' title='bbox 1944 4927 2005 4993; x_wconf 92' lang='lat' dir='ltr'>lin-</span> 
     </span>
     <span class='ocr_line' id='line_1_34' title="bbox 603 5039 2005 5129; baseline 0.001 -25"><span class='ocrx_word' id='word_1_312' title='bbox 603 5062 738 5128; x_wconf 87' lang='lat' dir='ltr'>guarum</span> <span class='ocrx_word' id='word_1_313' title='bbox 754 5040 786 5102; x_wconf 90' lang='lat' dir='ltr'>in</span> <span class='ocrx_word' id='word_1_314' title='bbox 801 5039 914 5126; x_wconf 90' lang='lat' dir='ltr'>quibus</span> <span class='ocrx_word' id='word_1_315' title='bbox 941 5039 1018 5103; x_wconf 90' lang='lat' dir='ltr'>nihil</span> <span class='ocrx_word' id='word_1_316' title='bbox 1040 5040 1265 5129; x_wconf 85' lang='lat' dir='ltr'>intelligebant,</span> <span class='ocrx_word' id='word_1_317' title='bbox 1293 5041 1602 5126; x_wconf 79' lang='lat' dir='ltr'>interpretationibus</span> <span class='ocrx_word' id='word_1_318' title='bbox 1622 5039 1707 5104; x_wconf 80' lang='lat' dir='ltr'>falsis</span> <span class='ocrx_word' id='word_1_319' title='bbox 1729 5051 1761 5104; x_wconf 89' lang='lat' dir='ltr'>et</span> <span class='ocrx_word' id='word_1_320' title='bbox 1782 5039 1926 5106; x_wconf 89' lang='lat' dir='ltr'>absurdis</span> <span class='ocrx_word' id='word_1_321' title='bbox 1940 5061 2005 5106; x_wconf 90' lang='lat' dir='ltr'>non</span> 
     </span>
     <span class='ocr_line' id='line_1_35' title="bbox 605 5150 2005 5238; baseline 0.001 -23"><span class='ocrx_word' id='word_1_322' title='bbox 605 5151 806 5228; x_wconf 83' lang='lat' dir='ltr'>illustrarent,</span> <span class='ocrx_word' id='word_1_323' title='bbox 830 5150 886 5214; x_wconf 91' lang='lat' dir='ltr'>sed</span> <span class='ocrx_word' id='word_1_324' title='bbox 900 5150 1113 5228; x_wconf 89' lang='lat' dir='ltr'>obscurarent,</span> <span class='ocrx_word' id='word_1_325' title='bbox 1137 5163 1170 5215; x_wconf 91' lang='lat' dir='ltr'>et</span> <span class='ocrx_word' id='word_1_326' title='bbox 1183 5152 1391 5238; x_wconf 78' lang='lat' dir='ltr'>inquinarent.</span> <span class='ocrx_word' id='word_1_327' title='bbox 1439 5151 1537 5237; x_wconf 89' lang='lat' dir='ltr'>Cujus</span> <span class='ocrx_word' id='word_1_328' title='bbox 1551 5151 1598 5216; x_wconf 93' lang='lat' dir='ltr'>rei</span> <span class='ocrx_word' id='word_1_329' title='bbox 1620 5151 1766 5237; x_wconf 84' lang='lat' dir='ltr'>exempla</span> <span class='ocrx_word' id='word_1_330' title='bbox 1785 5151 1886 5215; x_wconf 87' lang='lat' dir='ltr'>multa</span> <span class='ocrx_word' id='word_1_331' title='bbox 1900 5151 2005 5216; x_wconf 89' lang='lat' dir='ltr'>videre</span> 
     </span>
     <span class='ocr_line' id='line_1_36' title="bbox 607 5261 2005 5351; baseline -0.001 -23"><span class='ocrx_word' id='word_1_332' title='bbox 607 5263 682 5328; x_wconf 89' lang='lat' dir='ltr'>licet</span> <span class='ocrx_word' id='word_1_333' title='bbox 695 5265 728 5326; x_wconf 93' lang='lat' dir='ltr'>in</span> <span class='ocrx_word' id='word_1_334' title='bbox 745 5261 907 5327; x_wconf 85' lang='lat' dir='ltr'>Indicibus</span> <span class='ocrx_word' id='word_1_335' title='bbox 931 5264 1137 5348; x_wconf 90' lang='lat' dir='ltr'>Propriorum</span> <span class='ocrx_word' id='word_1_336' title='bbox 1153 5264 1337 5342; x_wconf 86' lang='lat' dir='ltr'>Nominum,</span> <span class='ocrx_word' id='word_1_337' title='bbox 1361 5263 1416 5351; x_wconf 89' lang='lat' dir='ltr'>qui</span> <span class='ocrx_word' id='word_1_338' title='bbox 1431 5263 1544 5328; x_wconf 90' lang='lat' dir='ltr'>Bibliis</span> <span class='ocrx_word' id='word_1_339' title='bbox 1560 5261 1665 5328; x_wconf 91' lang='lat' dir='ltr'>MStis</span> <span class='ocrx_word' id='word_1_340' title='bbox 1688 5263 1857 5350; x_wconf 86' lang='lat' dir='ltr'>aliquando</span> <span class='ocrx_word' id='word_1_341' title='bbox 1881 5263 2005 5350; x_wconf 87' lang='lat' dir='ltr'>subjici-</span> 
     </span>
     <span class='ocr_line' id='line_1_37' title="bbox 607 5373 2006 5464; baseline -0.001 -24"><span class='ocrx_word' id='word_1_342' title='bbox 607 5387 713 5440; x_wconf 91' lang='lat' dir='ltr'>untur.</span> <span class='ocrx_word' id='word_1_343' title='bbox 758 5379 802 5455; x_wconf 86' lang='lat' dir='ltr'>[v.</span> <span class='ocrx_word' id='word_1_344' title='bbox 820 5375 860 5439; x_wconf 87' lang='lat' dir='ltr'>A.</span> <span class='ocrx_word' id='word_1_345' title='bbox 878 5396 915 5438; x_wconf 90' lang='lat'>11.</span> <span class='ocrx_word' id='word_1_346' title='bbox 933 5380 980 5455; x_wconf 84' lang='lat'>8.]</span> <span class='ocrx_word' id='word_1_347' title='bbox 1025 5374 1137 5462; x_wconf 91' lang='lat' dir='ltr'>Neque</span> <span class='ocrx_word' id='word_1_348' title='bbox 1151 5374 1263 5440; x_wconf 91' lang='lat' dir='ltr'>dubito</span> <span class='ocrx_word' id='word_1_349' title='bbox 1277 5375 1355 5464; x_wconf 89' lang='lat' dir='ltr'>quin</span> <span class='ocrx_word' id='word_1_350' title='bbox 1369 5373 1445 5439; x_wconf 90' lang='lat' dir='ltr'>huic</span> <span class='ocrx_word' id='word_1_351' title='bbox 1461 5373 1652 5461; x_wconf 87' lang='lat' dir='ltr'>Hieronymi</span> <span class='ocrx_word' id='word_1_352' title='bbox 1667 5373 1775 5438; x_wconf 89' lang='lat' dir='ltr'>libello</span> <span class='ocrx_word' id='word_1_353' title='bbox 1789 5375 1888 5440; x_wconf 89' lang='lat' dir='ltr'>multa</span> <span class='ocrx_word' id='word_1_354' title='bbox 1902 5375 1942 5438; x_wconf 91' lang='lat' dir='ltr'>ab</span> <span class='ocrx_word' id='word_1_355' title='bbox 1957 5375 2006 5438; x_wconf 90' lang='lat' dir='ltr'>in·</span> 
     </span>
     <span class='ocr_line' id='line_1_38' title="bbox 607 5485 2004 5578; baseline 0 -26"><span class='ocrx_word' id='word_1_356' title='bbox 607 5487 700 5552; x_wconf 75' lang='lat' dir='ltr'>doctt</span> <span class='ocrx_word' id='word_1_357' title='bbox 715 5507 811 5548; x_wconf 89' lang='lat' dir='ltr'>manu</span> <span class='ocrx_word' id='word_1_358' title='bbox 826 5485 958 5550; x_wconf 88' lang='lat' dir='ltr'>infarcta</span> <span class='ocrx_word' id='word_1_359' title='bbox 971 5485 1096 5551; x_wconf 80' lang='lat' dir='ltr'>fuerint</span> <span class='ocrx_word' id='word_1_360' title='bbox 1141 5486 1223 5563; x_wconf 90' lang='lat' dir='ltr'>Quis</span> <span class='ocrx_word' id='word_1_361' title='bbox 1238 5487 1322 5552; x_wconf 91' lang='lat' dir='ltr'>enim</span> <span class='ocrx_word' id='word_1_362' title='bbox 1338 5485 1447 5551; x_wconf 92' lang='lat' dir='ltr'>credat</span> <span class='ocrx_word' id='word_1_363' title='bbox 1468 5485 1509 5550; x_wconf 87' lang='lat' dir='ltr'>ab</span> <span class='ocrx_word' id='word_1_364' title='bbox 1526 5485 1727 5578; x_wconf 90' lang='lat' dir='ltr'>Hieronymo</span> <span class='ocrx_word' id='word_1_365' title='bbox 1737 5487 1911 5572; x_wconf 84' lang='lat' dir='ltr'>profectum</span> <span class='ocrx_word' id='word_1_366' title='bbox 1926 5510 2004 5566; x_wconf 87' lang='lat' dir='ltr'>esse,</span> 
     </span>
     <span class='ocr_line' id='line_1_39' title="bbox 609 5597 2007 5686; baseline 0 -23"><span class='ocrx_word' id='word_1_367' title='bbox 609 5607 631 5640; x_wconf 79' lang='lat'>‘⁶</span> <span class='ocrx_word' id='word_1_368' title='bbox 644 5597 819 5682; x_wconf 87' lang='lat' dir='ltr'>Archippo,</span> <span class='ocrx_word' id='word_1_369' title='bbox 835 5597 1025 5686; x_wconf 91' lang='lat' dir='ltr'>longitudini</span> <span class='ocrx_word' id='word_1_370' title='bbox 1039 5597 1169 5683; x_wconf 78' lang='lat' dir='ltr'>operis?</span> <span class='ocrx_word' id='word_1_371' title='bbox 1190 5611 1254 5678; x_wconf 86' lang='lat' dir='ltr'>aut,</span> <span class='ocrx_word' id='word_1_372' title='bbox 1272 5599 1469 5676; x_wconf 90' lang='lat' dir='ltr'>Onesimum,</span> <span class='ocrx_word' id='word_1_373' title='bbox 1483 5597 1725 5684; x_wconf 89' lang='lat' dir='ltr'>respondentem</span> <span class='ocrx_word' id='word_1_374' title='bbox 1735 5597 1859 5680; x_wconf 81' lang='lat' dir='ltr'>i&#39;&#39;-[v.</span> <span class='ocrx_word' id='word_1_375' title='bbox 1876 5599 2007 5685; x_wconf 87' lang='lat' dir='ltr'>Episto-</span> 
     </span>
     <span class='ocr_line' id='line_1_40' title="bbox 607 5704 2002 5796; baseline -0.001 -24"><span class='ocrx_word' id='word_1_376' title='bbox 607 5709 671 5773; x_wconf 90' lang='lat' dir='ltr'>lam</span> <span class='ocrx_word' id='word_1_377' title='bbox 685 5709 727 5772; x_wconf 81' lang='lat' dir='ltr'>ad</span> <span class='ocrx_word' id='word_1_378' title='bbox 744 5708 987 5790; x_wconf 84' lang='lat' dir='ltr'>Philemonem]</span> <span class='ocrx_word' id='word_1_379' title='bbox 1032 5707 1154 5773; x_wconf 90' lang='lat' dir='ltr'>Eadem</span> <span class='ocrx_word' id='word_1_380' title='bbox 1168 5720 1273 5773; x_wconf 90' lang='lat' dir='ltr'>tamen</span> <span class='ocrx_word' id='word_1_381' title='bbox 1287 5709 1436 5796; x_wconf 90' lang='lat' dir='ltr'>leguntur</span> <span class='ocrx_word' id='word_1_382' title='bbox 1450 5709 1544 5774; x_wconf 61' lang='lat' dir='ltr'>diam</span> <span class='ocrx_word' id='word_1_383' title='bbox 1559 5710 1592 5774; x_wconf 91' lang='lat' dir='ltr'>in</span> <span class='ocrx_word' id='word_1_384' title='bbox 1606 5709 1698 5776; x_wconf 89' lang='lat' dir='ltr'>editis</span> <span class='ocrx_word' id='word_1_385' title='bbox 1714 5709 1906 5796; x_wconf 90' lang='lat' dir='ltr'>Hieronymi</span> <span class='ocrx_word' id='word_1_386' title='bbox 1920 5704 2002 5774; x_wconf 90' lang='lat' dir='ltr'>codi-</span> 
     </span>
     <span class='ocr_line' id='line_1_41' title="bbox 609 5819 2007 5887; baseline 0 -3"><span class='ocrx_word' id='word_1_387' title='bbox 609 5821 707 5884; x_wconf 90' lang='lat' dir='ltr'>cibus.</span> <span class='ocrx_word' id='word_1_388' title='bbox 754 5820 818 5886; x_wconf 90' lang='lat' dir='ltr'>Sed</span> <span class='ocrx_word' id='word_1_389' title='bbox 831 5819 890 5885; x_wconf 85' lang='lat' dir='ltr'>fuit</span> <span class='ocrx_word' id='word_1_390' title='bbox 903 5819 1034 5886; x_wconf 84' lang='lat' dir='ltr'>fortasse</span> <span class='ocrx_word' id='word_1_391' title='bbox 1054 5819 1206 5884; x_wconf 86' lang='lat' dir='ltr'>familiare</span> <span class='ocrx_word' id='word_1_392' title='bbox 1228 5819 1337 5884; x_wconf 83' lang='lat' dir='ltr'>vitium</span> <span class='ocrx_word' id='word_1_393' title='bbox 1353 5821 1641 5887; x_wconf 85' lang='lat' dir='ltr'>Grammaticorum</span> <span class='ocrx_word' id='word_1_394' title='bbox 1661 5843 1727 5885; x_wconf 93' lang='lat' dir='ltr'>non</span> <span class='ocrx_word' id='word_1_395' title='bbox 1748 5821 1852 5885; x_wconf 86' lang='lat' dir='ltr'>minus</span> <span class='ocrx_word' id='word_1_396' title='bbox 1869 5819 2007 5886; x_wconf 87' lang='lat' dir='ltr'>Hebrae-</span> 
     </span>
    </p>
   </div>
   <div class='ocr_carea' id='block_1_7' title="bbox 535 5929 2008 6028">
    <p class='ocr_par' dir='ltr' id='par_1_11' title="bbox 535 5929 2008 6028">
     <span class='ocr_line' id='line_1_42' title="bbox 535 5929 2008 6028; baseline 0.003 -36"><span class='ocrx_word' id='word_1_397' title='bbox 535 6003 548 6028; x_wconf 36' lang='grc' dir='ltr'><strong><em>Γ</em></strong></span> <span class='ocrx_word' id='word_1_398' title='bbox 611 5949 703 5992; x_wconf 89' lang='lat' dir='ltr'>orum</span> <span class='ocrx_word' id='word_1_399' title='bbox 718 5951 814 6016; x_wconf 88' lang='lat' dir='ltr'>quam</span> <span class='ocrx_word' id='word_1_400' title='bbox 829 5929 1028 6012; x_wconf 75' lang='lat' dir='ltr'>Graecorum,</span> <span class='ocrx_word' id='word_1_401' title='bbox 1045 5943 1080 5995; x_wconf 90' lang='lat' dir='ltr'>ut</span> <span class='ocrx_word' id='word_1_402' title='bbox 1094 5930 1235 5996; x_wconf 88' lang='lat' dir='ltr'>omnium</span> <span class='ocrx_word' id='word_1_403' title='bbox 1249 5929 1475 5996; x_wconf 82' lang='lat' dir='ltr'>vocabulorum</span> <span class='ocrx_word' id='word_1_404' title='bbox 1489 5931 1627 6020; x_wconf 88' lang='lat' dir='ltr'>origines</span> <span class='ocrx_word' id='word_1_405' title='bbox 1642 5931 1727 5997; x_wconf 71' lang='lat' dir='ltr'>esui</span> <span class='ocrx_word' id='word_1_406' title='bbox 1742 5930 1850 6019; x_wconf 72' lang='lat' dir='ltr'>linguai</span> <span class='ocrx_word' id='word_1_407' title='bbox 1865 5929 2008 5998; x_wconf 78' lang='lat' dir='ltr'>derivare</span> 
     </span>
    </p>
   </div>
   <div class='ocr_carea' id='block_1_8' title="bbox 0 0 2376 7844">
    <p class='ocr_par' dir='ltr' id='par_1_12' title="bbox 0 0 2376 7844">
     <span class='ocr_line' id='line_1_43' title="bbox 0 0 2376 7844; baseline 0 0"><span class='ocrx_word' id='word_1_408' title='bbox 0 0 2376 7844; x_wconf 95' lang='lat' dir='ltr'> </span> 
     </span>
    </p>
   </div>
  </div>
 </body>
</html>
