4592 7850
513 1055 590 1126 812
1040 1062 1200 1120 cootcrr
1223 1063 1481 1120 usuutcrrrrr

278 1271 321 1346 C.
337 1269 405 1344 IV.
421 1277 481 1360 27.
606 1271 658 1336 bio
671 1287 740 1334 orto
754 1267 833 1332 aliur
847 1265 987 1352 ejusdem
1011 1265 1179 1352 scriptoris
1199 1266 1280 1334 liber
1294 1287 1313 1330 r
1326 1265 1394 1332 Jac.
1409 1266 1439 1331 le
1454 1265 1549 1356 Long
1562 1265 1613 1332 rel
1633 1285 1699 1333 non
1714 1269 1808 1348 risus,
1836 1267 1887 1338 vel
1899 1273 1996 1340 ornis·

290 1367 411 1417 ‘imm
611 1403 674 1459 rur,
690 1379 775 1466 quod
789 1379 830 1444 ad
845 1377 1002 1444 Gsiliosm
1016 1376 1178 1444 historiam
1191 1376 1296 1443 minda
1310 1389 1474 1464 spectaret.

569 1493 598 1559 E
613 1515 689 1558 voce
708 1495 856 1556 translate
875 1491 986 1576 conjici
1000 1491 1099 1576 possit
1123 1490 1298 1556 Historiam
1319 1490 1401 1556 banc
1423 1491 1598 1556 traductam
1621 1491 1716 1558 luisse
1730 1515 1771 1558 ex
1792 1494 1899 1582 aliquo
1912 1495 1994 1560 libro

609 1602 791 1691 duringus
814 1603 950 1688 scripto;
971 1601 1051 1666 sorte
1072 1599 1090 1666 ὲ
1107 1601 1243 1668 Galfridi
1267 1601 1539 1668 Monumethensis
1556 1601 1716 1669 Chronico
1732 1603 1899 1672 Britonum
1914 1611 1993 1692 (non

610 1715 716 1780 multis
730 1727 802 1780 ante
816 1715 905 1778 armis
920 1713 1018 1796 edito)
1033 1735 1074 1778 ex
1084 1736 1148 1802 quo
1161 1712 1241 1793 boe,
1263 1714 1328 1780 sire
1344 1713 1497 1793 Historia,
1512 1715 1577 1781 sire
1593 1713 1724 1796 Fabula,
1739 1717 1780 1783 de
1796 1716 1897 1784 bruto
1910 1740 1994 1804 prae·

614 1827 705 1913 cipud
719 1837 892 1916 propagata
906 1837 962 1890 est.

513 1973 543 2030 a.
567 1965 690 2032 Porus
704 1983 809 2029 nnruo
825 1963 1020 2040 Gararcuu,
1035 1981 1167 2028 ntrous
1182 1981 1305 2030 mosa
1321 1961 1531 2030 Romans:
1545 1983 1725 2031 scarnuu.

1616 2073 1723 2146 niolio
1740 2083 1800 2148 :st
1814 2076 1857 2146 sd
1873 2084 1946 2150 tus

572 2186 624 2258 Sic
639 2185 764 2274 incipit:

729 2307 751 2342 ‘⁶
766 2297 834 2364 Oen
848 2297 950 2366 versic
964 2297 1087 2378 estoire,
1102 2317 1165 2386 que
1179 2293 1255 2364 Deu
1269 2317 1325 2364 vus
1340 2295 1463 2378 beneio,

727 2419 749 2452 ‘⁶
763 2409 828 2474 Del
842 2409 973 2478 mieldrs
987 2431 1106 2480 cuntur
1119 2407 1174 2496 qui
1189 2407 1289 2476 unkca
1302 2405 1366 2476 fiat
1379 2428 1420 2478 cu
1434 2407 1495 2476 rie.

808 2518 815 2561 ⁸
857 2545 901 2614 Et
914 2545 1007 2610 tortio
1020 2555 1093 2630 port
1106 2563 1219 2610 mrsu:

727 2654 875 2721 “Gentil
891 2651 1570 2742 Reid’Engletcrrmlacbartrcrbandic

728 2775 750 2810 ‘⁴
765 2765 808 2832 Al
822 2785 959 2832 curuncr
973 2763 1013 2830 de
1027 2775 1133 2830 rosae
1145 2761 1250 2832 Μ’·-

857 2901 971 2968 nsunt

728 3025 750 3058 “
766 3015 883 3080 Audite
898 3035 1002 3078 veram
1019 3013 1196 3078 Historiam
1211 3013 1268 3098 (ita
1282 3011 1372 3078 Deus
1386 3011 1475 3078 robis
1489 3011 1683 3098 benedicat)

728 3135 750 3169 “
764 3126 903 3212 Optimae
918 3147 1043 3192 coronoe
1058 3147 1129 3212 qum
1143 3145 1284 3212 :mquam
1296 3123 1355 3190 iuit
1368 3123 1403 3190 in
1417 3123 1536 3190 Vita-

729 3267 750 3300 “
767 3259 889 3324 Nobilis
906 3259 978 3322 Rex
994 3260 1129 3347 Anglioe.
1175 3259 1293 3324 Currui

729 3377 751 3410 “
766 3369 819 3434 Ad
836 3369 1061 3434 coronmdum
1075 3369 1176 3435 filium
1190 3381 1324 3434 tuum-

571 3546 728 3630 Scriptum
750 3556 797 3608 est
816 3543 877 3609 boc
894 3544 1011 3610 Poema
1032 3545 1066 3608 in
1089 3542 1301 3612 coronatore
1316 3541 1463 3624 Homini,
1484 3543 1541 3612 lilii
1557 3543 1691 3612 chrici
1706 3544 1761 3624 2⁴¹,
1779 3545 1873 3612 Patre
1887 3545 1993 3614 adhuc

614 3679 694 3720 vtro.

572 3769 672 3834 Paulo
686 3780 758 3834 onte
780 3767 949 3838 clausulam
966 3767 1123 3836 Poenam
1143 3767 1263 3836 montio
1276 3766 1314 3834 fit
1329 3765 1481 3836 Randuifi
1493 3765 1536 3832 de
1551 3765 1707 3845 Glande,
1730 3768 1785 3854 qui
1798 3790 1936 3836 summus
1957 3768 1991 3835 in

616 3878 718 3966 Regio
733 3877 889 3956 tribunali,
906 3899 944 3942 eo
959 3889 1119 3966 regnante,
1135 3877 1242 3944 ludex
1255 3876 1324 3948 fuit

570 3991 692 4054 Auctor
713 3989 835 4054 videtur
858 3989 941 4056 idem
958 3989 1116 4056 Robertus
1132 3989 1255 4058 Woce:
1278 3989 1378 4056 aetatis
1397 3989 1477 4054 ratio
1502 3987 1583 4054 bene
1604 3990 1759 4069 convenit,
1784 4002 1815 4056 et
1836 3992 1991 4060 scribendi

613 4101 714 4164 forma
728 4099 836 4164 endem
851 4113 907 4166 est.

558 4272 699 4358 Scriptus
724 4285 772 4336 est
793 4271 845 4336 hic
862 4273 973 4340 Codex
988 4273 1088 4354 lineis,
1112 4276 1144 4342 in
1165 4275 1264 4364 priori
1280 4275 1430 4344 Poemote
1453 4275 1570 4354 divisis,
1590 4275 1623 4342 in
1637 4275 1802 4362 posteriori
1816 4279 1988 4355 continuis:

513 4382 610 4446 literis
624 4381 843 4459 mediocribus,
866 4383 1066 4460 acuminatis:
1088 4383 1211 4456 circiter
1232 4405 1349 4456 aunum
1368 4393 1462 4468 1200,
1485 4385 1627 4478 adebquc
1639 4407 1704 4456 non
1717 4385 1816 4454 minito
1830 4401 1902 4473 post
1915 4411 1990 4454 auc-

511 4492 588 4556 toris
601 4502 734 4558 aeuum.
1174 4492 1183 4507 '

428 4787 489 4870 27.
505 4780 541 4858 b.
569 4779 808 4854 Anrxsronn
825 4801 872 4852 na
890 4802 1026 4854 amur.

556 4931 606 4996 Ita
619 4929 798 4996 inscribitur
811 4953 831 4995 a
844 4930 946 5016 primi
967 4951 1063 4996 manu
1084 4930 1118 4996 in
1140 4930 1229 4998 initio
1243 4929 1335 5000 libri:
1361 4939 1382 4975 “
1395 4930 1462 4998 eso
1477 4945 1549 4998 sunt
1567 4929 1614 4998 ies
1637 4927 1808 5017 Chapetres
1822 4929 1943 4998 d’Aiix.
1957 4931 1992 4998 le

515 5053 537 5087 tt
574 5045 638 5108 “t't’

550 5067 672 5220 Hirro
686 5153 771 5232 folio,
787 5165 859 5240 post
875 5153 979 5240 Onput
992 5155 1140 5242 primum,
1157 5155 1197 5220 ab
1212 5156 1274 5220 alia
1287 5177 1404 5220 manu:
1430 5163 1452 5198 ‘¹
1463 5153 1563 5222 Gesta
1577 5155 1753 5221 Alexandri
1766 5155 1800 5218 in
1816 5155 1975 5220 Gallico.”

558 5265 677 5330 Pottma
699 5277 747 5330 cst
770 5264 810 5330 de
834 5265 927 5344 Orto,
951 5265 1058 5330 Rebus
1078 5267 1184 5353 gestis,
1211 5265 1352 5332 &obitu
1375 5265 1550 5332 Alexandri
1572 5265 1696 5354 Magni,
1719 5277 1825 5332 vetere
1848 5287 1992 5333 sermone

514 5375 649 5455 Gnllioo,
665 5377 772 5464 lingui
788 5375 932 5442 videlicet
948 5375 1150 5455 Romancnsi,
1166 5379 1327 5464 scriptum.

555 5489 667 5555 Habet
682 5489 795 5576 Capita
810 5497 893 5567 297:
908 5512 1042 5578 quorum
1058 5491 1255 5580 Argumenta
1269 5493 1302 5556 in
1317 5493 1407 5556 initio
1422 5491 1494 5556 libri
1508 5491 1725 5580 praefiguntur.

556 5599 608 5665 Sic
622 5601 750 5690 incipit:

599 5717 621 5752 ⁴⁴
637 5711 706 5774 Cist
722 5709 838 5776 Siecles
852 5721 900 5776 est
914 5709 1034 5774 culvort
1048 5734 1066 5775 c
1080 5711 1219 5798 perillus,

599 5827 621 5860 ‘⁴
636 5821 714 5886 Fort
727 5845 747 5888 a
761 5846 840 5887 ceux
854 5821 898 5910 ky
913 5835 1014 5887 servet
1027 5822 1056 5887 ie
1070 5823 1148 5888 baut
1163 5823 1237 5911 Roy
1248 5803 1432 5916 glorius”·-

526 5918 681 6026 &Nomen
697 5935 843 5998 Auctoris
865 5955 929 6000 non
951 5933 1158 6001 adscribitur:
1185 5958 1286 6026 neque
1308 5937 1424 6004 librum
1445 5935 1531 6006 bunc
1552 5936 1692 6005 invenire
1706 5933 1804 6024 potui,
1830 5932 1945 6002 iniat.
1960 5933 1993 6001 le

515 6041 611 6132 Long
624 6041 819 6114 Bibliotheet
835 6045 998 6114 Historict
1015 6047 1147 6116 Gallici.
