<?xml version="1.0" encoding="UTF-8"?>
<!DOCTYPE html PUBLIC "-//W3C//DTD XHTML 1.0 Transitional//EN"
    "http://www.w3.org/TR/xhtml1/DTD/xhtml1-transitional.dtd">
<html xmlns="http://www.w3.org/1999/xhtml" xml:lang="en" lang="en">
 <head>
  <title>
</title>
<meta http-equiv="Content-Type" content="text/html;charset=utf-8" />
  <meta name='ocr-system' content='tesseract 3.04.00' />
  <meta name='ocr-capabilities' content='ocr_page ocr_carea ocr_par ocr_line ocrx_word'/>
</head>
<body>
  <div class='ocr_page' id='page_1' title='image "./codicummanuscri00librgoog/codicummanuscri00librgoog_0161.png"; bbox 0 0 4650 7852; ppageno 0'>
   <div class='ocr_carea' id='block_1_1' title="bbox 0 0 20 3234">
    <p class='ocr_par' dir='ltr' id='par_1_1' title="bbox 0 0 20 3234">
     <span class='ocr_line' id='line_1_1' title="bbox 0 0 20 3234; baseline 0 0"><span class='ocrx_word' id='word_1_1' title='bbox 0 0 20 3234; x_wconf 95' lang='lat' dir='ltr'><strong> </strong></span> 
     </span>
    </p>
   </div>
   <div class='ocr_carea' id='block_1_2' title="bbox 0 3487 6 4222">
    <p class='ocr_par' dir='ltr' id='par_1_2' title="bbox 0 3487 6 4222">
     <span class='ocr_line' id='line_1_2' title="bbox 0 3487 6 4222; baseline 0 0"><span class='ocrx_word' id='word_1_2' title='bbox 0 3487 6 4222; x_wconf 95' lang='lat' dir='ltr'><strong> </strong></span> 
     </span>
    </p>
   </div>
   <div class='ocr_carea' id='block_1_3' title="bbox 0 5560 15 7811">
    <p class='ocr_par' dir='ltr' id='par_1_3' title="bbox 0 5560 15 7811">
     <span class='ocr_line' id='line_1_3' title="bbox 0 5560 15 7811; baseline 0 0"><span class='ocrx_word' id='word_1_3' title='bbox 0 5560 15 7811; x_wconf 95' lang='lat' dir='ltr'><strong> </strong></span> 
     </span>
    </p>
   </div>
   <div class='ocr_carea' id='block_1_4' title="bbox 839 1134 1825 1222">
    <p class='ocr_par' dir='ltr' id='par_1_4' title="bbox 839 1134 1825 1222">
     <span class='ocr_line' id='line_1_4' title="bbox 839 1134 1825 1222; baseline -0.001 -23"><span class='ocrx_word' id='word_1_4' title='bbox 839 1147 1024 1202; x_wconf 73' lang='lat' dir='ltr'><strong>accusare</strong></span> <span class='ocrx_word' id='word_1_5' title='bbox 1048 1147 1326 1202; x_wconf 77' lang='lat' dir='ltr'><strong>nouaurmuars.</strong></span> <span class='ocrx_word' id='word_1_6' title='bbox 1753 1134 1825 1222; x_wconf 75' lang='lat'><strong>147</strong></span> 
     </span>
    </p>
   </div>
   <div class='ocr_carea' id='block_1_5' title="bbox 98 1343 1822 1526">
    <p class='ocr_par' dir='ltr' id='par_1_5' title="bbox 98 1343 1822 1526">
     <span class='ocr_line' id='line_1_5' title="bbox 98 1343 1822 1526; baseline 0 -106"><span class='ocrx_word' id='word_1_7' title='bbox 98 1343 248 1486; x_wconf 44' lang='grc' dir='ltr'><strong>ΒέοΗαΙ.</strong></span> <span class='ocrx_word' id='word_1_8' title='bbox 259 1352 294 1422; x_wconf 67' lang='lat' dir='ltr'><strong>Q.</strong></span> <span class='ocrx_word' id='word_1_9' title='bbox 402 1345 436 1414; x_wconf 89' lang='lat' dir='ltr'><strong>Si</strong></span> <span class='ocrx_word' id='word_1_10' title='bbox 449 1345 567 1526; x_wconf 52' lang='lat' dir='ltr'><strong>{ppdori</strong></span> <span class='ocrx_word' id='word_1_11' title='bbox 580 1357 637 1428; x_wconf 81' lang='lat' dir='ltr'><strong>est,</strong></span> <span class='ocrx_word' id='word_1_12' title='bbox 660 1367 734 1434; x_wconf 86' lang='lat' dir='ltr'><strong>pars</strong></span> <span class='ocrx_word' id='word_1_13' title='bbox 756 1347 879 1415; x_wconf 82' lang='lat' dir='ltr'><strong>videtur</strong></span> <span class='ocrx_word' id='word_1_14' title='bbox 893 1349 1019 1436; x_wconf 84' lang='lat' dir='ltr'><strong>majoris</strong></span> <span class='ocrx_word' id='word_1_15' title='bbox 1033 1350 1154 1436; x_wconf 79' lang='lat' dir='ltr'><strong>operis:</strong></span> <span class='ocrx_word' id='word_1_16' title='bbox 1177 1372 1218 1415; x_wconf 85' lang='lat' dir='ltr'><strong>ex</strong></span> <span class='ocrx_word' id='word_1_17' title='bbox 1233 1347 1503 1437; x_wconf 83' lang='lat' dir='ltr'><strong>Etymologiarum</strong></span> <span class='ocrx_word' id='word_1_18' title='bbox 1523 1345 1604 1414; x_wconf 79' lang='lat' dir='ltr'><strong>torte</strong></span> <span class='ocrx_word' id='word_1_19' title='bbox 1617 1347 1705 1417; x_wconf 91' lang='lat' dir='ltr'><strong>libris</strong></span> <span class='ocrx_word' id='word_1_20' title='bbox 1719 1365 1822 1420; x_wconf 84' lang='lat' dir='ltr'><strong>sumta</strong></span> 
     </span>
    </p>
   </div>
   <div class='ocr_carea' id='block_1_6' title="bbox 349 1591 1828 2244">
    <p class='ocr_par' dir='ltr' id='par_1_6' title="bbox 349 1591 1828 2244">
     <span class='ocr_line' id='line_1_6' title="bbox 349 1591 1779 1666; baseline 0.001 -4"><span class='ocrx_word' id='word_1_21' title='bbox 349 1605 379 1662; x_wconf 83' lang='lat'><strong>8.</strong></span> <span class='ocrx_word' id='word_1_22' title='bbox 402 1595 579 1662; x_wconf 86' lang='lat' dir='ltr'><strong>Ysmonus</strong></span> <span class='ocrx_word' id='word_1_23' title='bbox 593 1615 638 1660; x_wconf 82' lang='lat' dir='ltr'><strong>nn</strong></span> <span class='ocrx_word' id='word_1_24' title='bbox 655 1596 784 1661; x_wconf 82' lang='lat' dir='ltr'><strong>Summo</strong></span> <span class='ocrx_word' id='word_1_25' title='bbox 799 1617 899 1662; x_wconf 83' lang='lat' dir='ltr'><strong>nouo.</strong></span> <span class='ocrx_word' id='word_1_26' title='bbox 1636 1597 1689 1664; x_wconf 84' lang='lat' dir='ltr'><strong>fol.</strong></span> <span class='ocrx_word' id='word_1_27' title='bbox 1708 1591 1779 1666; x_wconf 86' lang='grc'><strong>108.</strong></span> 
     </span>
     <span class='ocr_line' id='line_1_7' title="bbox 407 1707 1567 1797; baseline -0.001 -22"><span class='ocrx_word' id='word_1_28' title='bbox 407 1707 460 1775; x_wconf 86' lang='lat' dir='ltr'><strong>Sic</strong></span> <span class='ocrx_word' id='word_1_29' title='bbox 475 1709 603 1794; x_wconf 83' lang='lat' dir='ltr'><strong>incipit:</strong></span> <span class='ocrx_word' id='word_1_30' title='bbox 628 1709 827 1776; x_wconf 85' lang='lat' dir='ltr'><strong>“Summum</strong></span> <span class='ocrx_word' id='word_1_31' title='bbox 841 1710 960 1774; x_wconf 89' lang='lat' dir='ltr'><strong>bonurn</strong></span> <span class='ocrx_word' id='word_1_32' title='bbox 975 1709 1076 1789; x_wconf 90' lang='lat' dir='ltr'><strong>Deus,</strong></span> <span class='ocrx_word' id='word_1_33' title='bbox 1092 1709 1166 1797; x_wconf 89' lang='lat' dir='ltr'><strong>quia</strong></span> <span class='ocrx_word' id='word_1_34' title='bbox 1180 1709 1442 1774; x_wconf 85' lang='lat' dir='ltr'><strong>incommutabilis</strong></span> <span class='ocrx_word' id='word_1_35' title='bbox 1456 1712 1567 1774; x_wconf 87' lang='lat' dir='ltr'><strong>est”-</strong></span> 
     </span>
     <span class='ocr_line' id='line_1_8' title="bbox 406 1818 1825 1908; baseline 0.004 -22"><span class='ocrx_word' id='word_1_36' title='bbox 406 1819 521 1886; x_wconf 87' lang='lat' dir='ltr'><strong>Isidori</strong></span> <span class='ocrx_word' id='word_1_37' title='bbox 537 1819 737 1906; x_wconf 75' lang='lat' dir='ltr'><strong>Hispalensis</strong></span> <span class='ocrx_word' id='word_1_38' title='bbox 752 1831 799 1885; x_wconf 88' lang='lat' dir='ltr'><strong>est</strong></span> <span class='ocrx_word' id='word_1_39' title='bbox 819 1819 871 1886; x_wconf 93' lang='lat' dir='ltr'><strong>hic</strong></span> <span class='ocrx_word' id='word_1_40' title='bbox 886 1831 1054 1886; x_wconf 84' lang='lat' dir='ltr'><strong>tractatus:</strong></span> <span class='ocrx_word' id='word_1_41' title='bbox 1079 1819 1239 1886; x_wconf 78' lang='lat' dir='ltr'><strong>Caeterum</strong></span> <span class='ocrx_word' id='word_1_42' title='bbox 1253 1818 1305 1884; x_wconf 80' lang='lat' dir='ltr'><strong>bic</strong></span> <span class='ocrx_word' id='word_1_43' title='bbox 1318 1819 1407 1885; x_wconf 87' lang='lat' dir='ltr'><strong>deest</strong></span> <span class='ocrx_word' id='word_1_44' title='bbox 1420 1821 1541 1908; x_wconf 82' lang='lat' dir='ltr'><strong>integer</strong></span> <span class='ocrx_word' id='word_1_45' title='bbox 1554 1821 1635 1887; x_wconf 90' lang='lat' dir='ltr'><strong>liber</strong></span> <span class='ocrx_word' id='word_1_46' title='bbox 1650 1823 1714 1903; x_wconf 69' lang='lat'><strong>8¹¹²,</strong></span> <span class='ocrx_word' id='word_1_47' title='bbox 1731 1835 1763 1890; x_wconf 89' lang='lat' dir='ltr'><strong>et</strong></span> <span class='ocrx_word' id='word_1_48' title='bbox 1776 1847 1825 1892; x_wconf 87' lang='lat' dir='ltr'><strong>se·</strong></span> 
     </span>
     <span class='ocr_line' id='line_1_9' title="bbox 449 1930 1338 2018; baseline -0.002 -22"><span class='ocrx_word' id='word_1_49' title='bbox 449 1931 545 1996; x_wconf 90' lang='lat' dir='ltr'><strong>cundi</strong></span> <span class='ocrx_word' id='word_1_50' title='bbox 558 1953 632 2017; x_wconf 88' lang='lat' dir='ltr'><strong>pars</strong></span> <span class='ocrx_word' id='word_1_51' title='bbox 646 1935 711 2008; x_wconf 75' lang='lat'><strong>4¹⁸3</strong></span> <span class='ocrx_word' id='word_1_52' title='bbox 736 1931 849 2018; x_wconf 86' lang='lat' dir='ltr'><strong>Capita</strong></span> <span class='ocrx_word' id='word_1_53' title='bbox 863 1931 981 1997; x_wconf 90' lang='lat' dir='ltr'><strong>scilicet</strong></span> <span class='ocrx_word' id='word_1_54' title='bbox 995 1931 1141 1998; x_wconf 87' lang='lat' dir='ltr'><strong>undecim</strong></span> <span class='ocrx_word' id='word_1_55' title='bbox 1155 1930 1338 2017; x_wconf 85' lang='lat' dir='ltr'><strong>posteriora.</strong></span> 
     </span>
     <span class='ocr_line' id='line_1_10' title="bbox 408 2041 1828 2131; baseline 0.003 -23"><span class='ocrx_word' id='word_1_56' title='bbox 408 2041 528 2108; x_wconf 88' lang='lat' dir='ltr'><strong>Omnes</strong></span> <span class='ocrx_word' id='word_1_57' title='bbox 542 2042 577 2106; x_wconf 92' lang='lat' dir='ltr'><strong>bi</strong></span> <span class='ocrx_word' id='word_1_58' title='bbox 590 2043 739 2110; x_wconf 76' lang='lat' dir='ltr'><strong>tracmtbs</strong></span> <span class='ocrx_word' id='word_1_59' title='bbox 760 2043 893 2130; x_wconf 72' lang='lat' dir='ltr'><strong>pulchre</strong></span> <span class='ocrx_word' id='word_1_60' title='bbox 916 2044 1023 2131; x_wconf 89' lang='lat' dir='ltr'><strong>scripti</strong></span> <span class='ocrx_word' id='word_1_61' title='bbox 1038 2057 1121 2123; x_wconf 87' lang='lat' dir='ltr'><strong>sunt,</strong></span> <span class='ocrx_word' id='word_1_62' title='bbox 1145 2042 1309 2110; x_wconf 72' lang='lat' dir='ltr'><strong>absidem</strong></span> <span class='ocrx_word' id='word_1_63' title='bbox 1324 2063 1439 2120; x_wconf 85' lang='lat' dir='ltr'><strong>manu3</strong></span> <span class='ocrx_word' id='word_1_64' title='bbox 1462 2041 1556 2107; x_wconf 90' lang='lat' dir='ltr'><strong>lineis</strong></span> <span class='ocrx_word' id='word_1_65' title='bbox 1578 2042 1768 2124; x_wconf 85' lang='lat' dir='ltr'><strong>dimidiatis:</strong></span> <span class='ocrx_word' id='word_1_66' title='bbox 1788 2045 1828 2112; x_wconf 88' lang='lat' dir='ltr'><strong>li·</strong></span> 
     </span>
     <span class='ocr_line' id='line_1_11' title="bbox 433 2155 1357 2244; baseline -0.002 -24"><span class='ocrx_word' id='word_1_67' title='bbox 433 2155 509 2220; x_wconf 89' lang='lat' dir='ltr'><strong>teris</strong></span> <span class='ocrx_word' id='word_1_68' title='bbox 522 2156 702 2244; x_wconf 84' lang='lat' dir='ltr'><strong>majoribus,</strong></span> <span class='ocrx_word' id='word_1_69' title='bbox 718 2157 921 2238; x_wconf 75' lang='lat' dir='ltr'><strong>acuminatis:</strong></span> <span class='ocrx_word' id='word_1_70' title='bbox 944 2169 1017 2224; x_wconf 82' lang='lat' dir='ltr'><strong>ante</strong></span> <span class='ocrx_word' id='word_1_71' title='bbox 1031 2179 1130 2222; x_wconf 86' lang='lat' dir='ltr'><strong>armos</strong></span> <span class='ocrx_word' id='word_1_72' title='bbox 1145 2156 1267 2222; x_wconf 87' lang='lat' dir='ltr'><strong>circiter</strong></span> <span class='ocrx_word' id='word_1_73' title='bbox 1282 2164 1357 2222; x_wconf 77' lang='lat'><strong>500.</strong></span> 
     </span>
    </p>
   </div>
   <div class='ocr_carea' id='block_1_7' title="bbox 265 2465 1826 2666">
    <p class='ocr_par' dir='ltr' id='par_1_7' title="bbox 265 2465 1826 2666">
     <span class='ocr_line' id='line_1_12' title="bbox 265 2465 1826 2558; baseline -0.001 -14"><span class='ocrx_word' id='word_1_74' title='bbox 265 2475 299 2544; x_wconf 83' lang='lat'><strong>3.</strong></span> <span class='ocrx_word' id='word_1_75' title='bbox 328 2476 361 2544; x_wconf 94' lang='lat'><strong>1.</strong></span> <span class='ocrx_word' id='word_1_76' title='bbox 380 2467 553 2544; x_wconf 75' lang='lat' dir='ltr'><strong>Auram:</strong></span> <span class='ocrx_word' id='word_1_77' title='bbox 570 2465 800 2558; x_wconf 84' lang='lat' dir='ltr'><strong>Aucusrnu,</strong></span> <span class='ocrx_word' id='word_1_78' title='bbox 821 2467 1304 2558; x_wconf 79' lang='lat' dir='ltr'><strong>Docroars,Yarournus1s,</strong></span> <span class='ocrx_word' id='word_1_79' title='bbox 1324 2465 1391 2540; x_wconf 82' lang='lat' dir='ltr'><strong>Er&#39;</strong></span> <span class='ocrx_word' id='word_1_80' title='bbox 1409 2489 1460 2540; x_wconf 83' lang='lat' dir='ltr'><strong>na</strong></span> <span class='ocrx_word' id='word_1_81' title='bbox 1478 2471 1526 2541; x_wconf 82' lang='lat'><strong>83</strong></span> <span class='ocrx_word' id='word_1_82' title='bbox 1545 2466 1826 2555; x_wconf 82' lang='lat' dir='ltr'><strong>Quasrroumus</strong></span> 
     </span>
     <span class='ocr_line' id='line_1_13' title="bbox 361 2614 517 2666; baseline -0.006 0"><span class='ocrx_word' id='word_1_83' title='bbox 361 2614 486 2666; x_wconf 78' lang='lat' dir='ltr'><strong>amaa.</strong></span> <span class='ocrx_word' id='word_1_84' title='bbox 511 2641 517 2652; x_wconf 88' lang='lat'><em>-</em></span> 
     </span>
    </p>
   </div>
   <div class='ocr_carea' id='block_1_8' title="bbox 407 2733 1901 3614">
    <p class='ocr_par' dir='ltr' id='par_1_8' title="bbox 408 2733 1657 2820">
     <span class='ocr_line' id='line_1_14' title="bbox 408 2733 1657 2820; baseline -0.002 -17"><span class='ocrx_word' id='word_1_85' title='bbox 408 2738 535 2803; x_wconf 80' lang='lat' dir='ltr'><strong>&#39;Iitulus</strong></span> <span class='ocrx_word' id='word_1_86' title='bbox 549 2737 602 2804; x_wconf 88' lang='lat' dir='ltr'><strong>hic</strong></span> <span class='ocrx_word' id='word_1_87' title='bbox 616 2739 649 2803; x_wconf 90' lang='lat' dir='ltr'><strong>in</strong></span> <span class='ocrx_word' id='word_1_88' title='bbox 663 2737 727 2803; x_wconf 90' lang='lat' dir='ltr'><strong>fine</strong></span> <span class='ocrx_word' id='word_1_89' title='bbox 740 2738 814 2804; x_wconf 90' lang='lat' dir='ltr'><strong>libri</strong></span> <span class='ocrx_word' id='word_1_90' title='bbox 829 2737 1034 2814; x_wconf 77' lang='lat' dir='ltr'><strong>adscribitur:</strong></span> <span class='ocrx_word' id='word_1_91' title='bbox 1056 2736 1090 2800; x_wconf 93' lang='lat' dir='ltr'><strong>in</strong></span> <span class='ocrx_word' id='word_1_92' title='bbox 1104 2734 1195 2801; x_wconf 91' lang='lat' dir='ltr'><strong>initio</strong></span> <span class='ocrx_word' id='word_1_93' title='bbox 1210 2734 1316 2800; x_wconf 87' lang='lat' dir='ltr'><strong>nullus</strong></span> <span class='ocrx_word' id='word_1_94' title='bbox 1330 2746 1387 2813; x_wconf 85' lang='lat' dir='ltr'><strong>est,</strong></span> <span class='ocrx_word' id='word_1_95' title='bbox 1403 2733 1537 2820; x_wconf 78' lang='lat' dir='ltr'><strong>aprimri</strong></span> <span class='ocrx_word' id='word_1_96' title='bbox 1552 2757 1657 2800; x_wconf 89' lang='lat' dir='ltr'><strong>manu.</strong></span> 
     </span>
    </p>

    <p class='ocr_par' dir='ltr' id='par_1_9' title="bbox 407 2845 1832 3026">
     <span class='ocr_line' id='line_1_15' title="bbox 407 2845 1832 2936; baseline -0.002 -21"><span class='ocrx_word' id='word_1_97' title='bbox 407 2848 507 2915; x_wconf 89' lang='lat' dir='ltr'><strong>Liber</strong></span> <span class='ocrx_word' id='word_1_98' title='bbox 521 2849 566 2914; x_wconf 87' lang='lat' dir='ltr'><strong>sic</strong></span> <span class='ocrx_word' id='word_1_99' title='bbox 580 2850 705 2936; x_wconf 85' lang='lat' dir='ltr'><strong>incipit:</strong></span> <span class='ocrx_word' id='word_1_100' title='bbox 730 2849 880 2916; x_wconf 88' lang='lat' dir='ltr'><strong>“Utrum</strong></span> <span class='ocrx_word' id='word_1_101' title='bbox 896 2848 1013 2913; x_wconf 87' lang='lat' dir='ltr'><strong>Anima</strong></span> <span class='ocrx_word' id='word_1_102' title='bbox 1036 2871 1056 2912; x_wconf 88' lang='lat' dir='ltr'><strong>a</strong></span> <span class='ocrx_word' id='word_1_103' title='bbox 1081 2846 1181 2932; x_wconf 75' lang='lat' dir='ltr'><strong>seipsa</strong></span> <span class='ocrx_word' id='word_1_104' title='bbox 1197 2846 1245 2911; x_wconf 88' lang='lat' dir='ltr'><strong>sit.</strong></span> <span class='ocrx_word' id='word_1_105' title='bbox 1290 2845 1395 2911; x_wconf 87' lang='lat' dir='ltr'><strong>Omne</strong></span> <span class='ocrx_word' id='word_1_106' title='bbox 1409 2867 1553 2912; x_wconf 82' lang='lat' dir='ltr'><strong>verume</strong></span> <span class='ocrx_word' id='word_1_107' title='bbox 1577 2848 1706 2920; x_wconf 85' lang='lat' dir='ltr'><strong>veritate</strong></span> <span class='ocrx_word' id='word_1_108' title='bbox 1723 2868 1832 2912; x_wconf 88' lang='lat' dir='ltr'><strong>verum</strong></span> 
     </span>
     <span class='ocr_line' id='line_1_16' title="bbox 437 2963 543 3026; baseline -0.009 -23"><span class='ocrx_word' id='word_1_109' title='bbox 437 2963 543 3026; x_wconf 59' lang='lat' dir='ltr'><strong>“est”</strong></span> 
     </span>
    </p>

    <p class='ocr_par' dir='ltr' id='par_1_10' title="bbox 409 3068 1331 3162">
     <span class='ocr_line' id='line_1_17' title="bbox 409 3068 1331 3162; baseline -0.004 -24"><span class='ocrx_word' id='word_1_110' title='bbox 409 3071 615 3138; x_wconf 74' lang='lat' dir='ltr'><strong>Praemittitur</strong></span> <span class='ocrx_word' id='word_1_111' title='bbox 630 3073 800 3162; x_wconf 80' lang='lat' dir='ltr'><strong>Augustini</strong></span> <span class='ocrx_word' id='word_1_112' title='bbox 817 3072 959 3138; x_wconf 78' lang='lat' dir='ltr'><strong>Censura</strong></span> <span class='ocrx_word' id='word_1_113' title='bbox 974 3095 991 3136; x_wconf 90' lang='lat' dir='ltr'><strong>e</strong></span> <span class='ocrx_word' id='word_1_114' title='bbox 1005 3071 1087 3136; x_wconf 88' lang='lat' dir='ltr'><strong>libro</strong></span> <span class='ocrx_word' id='word_1_115' title='bbox 1104 3068 1331 3135; x_wconf 69' lang='lat' dir='ltr'><strong>Remacmtior&#39;i.</strong></span> 
     </span>
    </p>

    <p class='ocr_par' dir='ltr' id='par_1_11' title="bbox 411 3178 1901 3380">
     <span class='ocr_line' id='line_1_18' title="bbox 411 3178 1901 3269; baseline -0.001 -23"><span class='ocrx_word' id='word_1_116' title='bbox 411 3181 651 3269; x_wconf 70' lang='lat' dir='ltr'><strong>Elegantissime</strong></span> <span class='ocrx_word' id='word_1_117' title='bbox 673 3183 807 3268; x_wconf 88' lang='lat' dir='ltr'><strong>scriptus</strong></span> <span class='ocrx_word' id='word_1_118' title='bbox 828 3193 876 3246; x_wconf 89' lang='lat' dir='ltr'><strong>est</strong></span> <span class='ocrx_word' id='word_1_119' title='bbox 895 3180 948 3246; x_wconf 90' lang='lat' dir='ltr'><strong>hic</strong></span> <span class='ocrx_word' id='word_1_120' title='bbox 969 3193 1128 3258; x_wconf 84' lang='lat' dir='ltr'><strong>tractatus,</strong></span> <span class='ocrx_word' id='word_1_121' title='bbox 1144 3179 1234 3244; x_wconf 87' lang='lat' dir='ltr'><strong>lineis</strong></span> <span class='ocrx_word' id='word_1_122' title='bbox 1248 3178 1395 3268; x_wconf 81' lang='lat' dir='ltr'><strong>integris3</strong></span> <span class='ocrx_word' id='word_1_123' title='bbox 1417 3178 1514 3244; x_wconf 84' lang='lat' dir='ltr'><strong>literis</strong></span> <span class='ocrx_word' id='word_1_124' title='bbox 1529 3180 1708 3268; x_wconf 84' lang='lat' dir='ltr'><strong>majoribus,</strong></span> <span class='ocrx_word' id='word_1_125' title='bbox 1725 3192 1833 3244; x_wconf 89' lang='lat' dir='ltr'><strong>rotun·</strong></span> <span class='ocrx_word' id='word_1_126' title='bbox 1896 3201 1901 3210; x_wconf 68' lang='lat'>¹</span> 
     </span>
     <span class='ocr_line' id='line_1_19' title="bbox 452 3292 1033 3380; baseline -0.002 -23"><span class='ocrx_word' id='word_1_127' title='bbox 452 3293 519 3370; x_wconf 80' lang='lat' dir='ltr'><strong>dis3</strong></span> <span class='ocrx_word' id='word_1_128' title='bbox 543 3307 614 3358; x_wconf 91' lang='lat' dir='ltr'><strong>ante</strong></span> <span class='ocrx_word' id='word_1_129' title='bbox 629 3315 728 3358; x_wconf 86' lang='lat' dir='ltr'><strong>annos</strong></span> <span class='ocrx_word' id='word_1_130' title='bbox 744 3299 793 3380; x_wconf 92' lang='lat' dir='ltr'><strong>(ut</strong></span> <span class='ocrx_word' id='word_1_131' title='bbox 806 3292 943 3375; x_wconf 86' lang='lat' dir='ltr'><strong>videtur)</strong></span> <span class='ocrx_word' id='word_1_132' title='bbox 959 3302 1033 3358; x_wconf 91' lang='grc'><strong>600.</strong></span> 
     </span>
    </p>

    <p class='ocr_par' dir='ltr' id='par_1_12' title="bbox 411 3399 1833 3614">
     <span class='ocr_line' id='line_1_20' title="bbox 411 3399 1833 3488; baseline -0.002 -18"><span class='ocrx_word' id='word_1_133' title='bbox 411 3405 450 3470; x_wconf 91' lang='lat' dir='ltr'><strong>ln</strong></span> <span class='ocrx_word' id='word_1_134' title='bbox 464 3404 583 3470; x_wconf 91' lang='lat' dir='ltr'><strong>sronte:</strong></span> <span class='ocrx_word' id='word_1_135' title='bbox 609 3406 738 3470; x_wconf 88' lang='lat' dir='ltr'><strong>“Liber</strong></span> <span class='ocrx_word' id='word_1_136' title='bbox 760 3405 866 3471; x_wconf 79' lang='lat' dir='ltr'><strong>Sancti</strong></span> <span class='ocrx_word' id='word_1_137' title='bbox 883 3403 1069 3470; x_wconf 88' lang='lat' dir='ltr'><strong>Cuthberti&#39;&#39;</strong></span> <span class='ocrx_word' id='word_1_138' title='bbox 1084 3425 1104 3467; x_wconf 84' lang='lat' dir='ltr'><strong>a</strong></span> <span class='ocrx_word' id='word_1_139' title='bbox 1117 3425 1214 3468; x_wconf 83' lang='lat' dir='ltr'><strong>manu</strong></span> <span class='ocrx_word' id='word_1_140' title='bbox 1235 3399 1379 3488; x_wconf 73' lang='lat' dir='ltr'><strong>antiqui:</strong></span> <span class='ocrx_word' id='word_1_141' title='bbox 1403 3400 1443 3466; x_wconf 92' lang='lat' dir='ltr'><strong>ab</strong></span> <span class='ocrx_word' id='word_1_142' title='bbox 1465 3399 1547 3478; x_wconf 78' lang='lat' dir='ltr'><strong>alit3</strong></span> <span class='ocrx_word' id='word_1_143' title='bbox 1570 3400 1640 3466; x_wconf 88' lang='lat' dir='ltr'><strong>“de</strong></span> <span class='ocrx_word' id='word_1_144' title='bbox 1654 3401 1703 3466; x_wconf 76' lang='lat' dir='ltr'><strong>cdi</strong></span> <span class='ocrx_word' id='word_1_145' title='bbox 1716 3401 1833 3468; x_wconf 67' lang='lat' dir='ltr'><strong>librar!</strong></span> 
     </span>
     <span class='ocr_line' id='line_1_21' title="bbox 441 3515 966 3614; baseline 0 -34"><span class='ocrx_word' id='word_1_146' title='bbox 441 3525 462 3558; x_wconf 89' lang='lat'><strong>“</strong></span> <span class='ocrx_word' id='word_1_147' title='bbox 478 3515 633 3614; x_wconf 67' lang='lat' dir='ltr'><strong>Md&#39;cbop</strong></span> <span class='ocrx_word' id='word_1_148' title='bbox 649 3516 822 3581; x_wconf 80' lang='lat' dir='ltr'><strong>Dunebii.”</strong></span> <span class='ocrx_word' id='word_1_149' title='bbox 963 3547 966 3555; x_wconf 94' lang='lat'>·</span> 
     </span>
    </p>
   </div>
   <div class='ocr_carea' id='block_1_9' title="bbox 356 3647 1840 4293">
    <p class='ocr_par' dir='ltr' id='par_1_13' title="bbox 356 3647 849 3735">
     <span class='ocr_line' id='line_1_22' title="bbox 356 3647 849 3735; baseline -0.002 -20"><span class='ocrx_word' id='word_1_150' title='bbox 356 3657 386 3715; x_wconf 74' lang='grc'><strong>2.</strong></span> <span class='ocrx_word' id='word_1_151' title='bbox 409 3647 676 3728; x_wconf 79' lang='lat' dir='ltr'><strong>Mauuoavrunn,</strong></span> <span class='ocrx_word' id='word_1_152' title='bbox 693 3651 849 3735; x_wconf 71' lang='lat' dir='ltr'><strong>(Jonas.)</strong></span> 
     </span>
    </p>

    <p class='ocr_par' dir='ltr' id='par_1_14' title="bbox 412 3756 1836 4068">
     <span class='ocr_line' id='line_1_23' title="bbox 412 3756 1836 3847; baseline -0.001 -20"><span class='ocrx_word' id='word_1_153' title='bbox 412 3761 539 3827; x_wconf 90' lang='lat' dir='ltr'><strong>Nomen</strong></span> <span class='ocrx_word' id='word_1_154' title='bbox 553 3760 615 3826; x_wconf 84' lang='lat' dir='ltr'><strong>boe</strong></span> <span class='ocrx_word' id='word_1_155' title='bbox 629 3759 704 3825; x_wconf 86' lang='lat' dir='ltr'><strong>folio</strong></span> <span class='ocrx_word' id='word_1_156' title='bbox 725 3761 829 3847; x_wconf 92' lang='lat' dir='ltr'><strong>primo</strong></span> <span class='ocrx_word' id='word_1_157' title='bbox 842 3759 1032 3838; x_wconf 87' lang='lat' dir='ltr'><strong>inscribitur,</strong></span> <span class='ocrx_word' id='word_1_158' title='bbox 1054 3758 1143 3823; x_wconf 91' lang='lat' dir='ltr'><strong>nullo</strong></span> <span class='ocrx_word' id='word_1_159' title='bbox 1156 3757 1230 3822; x_wconf 93' lang='lat' dir='ltr'><strong>libri</strong></span> <span class='ocrx_word' id='word_1_160' title='bbox 1252 3757 1342 3822; x_wconf 88' lang='lat' dir='ltr'><strong>titulo</strong></span> <span class='ocrx_word' id='word_1_161' title='bbox 1363 3756 1494 3843; x_wconf 84' lang='lat' dir='ltr'><strong>adjecto.</strong></span> <span class='ocrx_word' id='word_1_162' title='bbox 1540 3757 1598 3822; x_wconf 89' lang='lat' dir='ltr'><strong>Est</strong></span> <span class='ocrx_word' id='word_1_163' title='bbox 1619 3769 1723 3824; x_wconf 90' lang='lat' dir='ltr'><strong>autem</strong></span> <span class='ocrx_word' id='word_1_164' title='bbox 1738 3759 1836 3826; x_wconf 87' lang='lat' dir='ltr'><strong>Joan·</strong></span> 
     </span>
     <span class='ocr_line' id='line_1_24' title="bbox 455 3867 1836 3958; baseline -0.001 -22"><span class='ocrx_word' id='word_1_165' title='bbox 455 3874 504 3937; x_wconf 89' lang='lat' dir='ltr'><strong>nis</strong></span> <span class='ocrx_word' id='word_1_166' title='bbox 529 3871 704 3950; x_wconf 86' lang='lat' dir='ltr'><strong>Mandevil,</strong></span> <span class='ocrx_word' id='word_1_167' title='bbox 726 3871 850 3958; x_wconf 80' lang='lat' dir='ltr'><strong>Equitia</strong></span> <span class='ocrx_word' id='word_1_168' title='bbox 866 3869 974 3958; x_wconf 80' lang='lat' dir='ltr'><strong>Angli,</strong></span> <span class='ocrx_word' id='word_1_169' title='bbox 991 3869 1144 3933; x_wconf 87' lang='lat' dir='ltr'><strong>Itinemm</strong></span> <span class='ocrx_word' id='word_1_170' title='bbox 1158 3889 1216 3953; x_wconf 91' lang='lat' dir='ltr'><strong>per</strong></span> <span class='ocrx_word' id='word_1_171' title='bbox 1239 3868 1411 3952; x_wconf 86' lang='lat' dir='ltr'><strong>Europam,</strong></span> <span class='ocrx_word' id='word_1_172' title='bbox 1437 3867 1546 3932; x_wconf 85' lang='lat' dir='ltr'><strong>Asiam</strong></span> <span class='ocrx_word' id='word_1_173' title='bbox 1569 3879 1600 3931; x_wconf 89' lang='lat' dir='ltr'><strong>et</strong></span> <span class='ocrx_word' id='word_1_174' title='bbox 1614 3868 1764 3948; x_wconf 87' lang='lat' dir='ltr'><strong>Africam,</strong></span> <span class='ocrx_word' id='word_1_175' title='bbox 1780 3871 1836 3935; x_wconf 91' lang='lat' dir='ltr'><strong>de-</strong></span> 
     </span>
     <span class='ocr_line' id='line_1_25' title="bbox 456 3979 1059 4068; baseline -0.008 -21"><span class='ocrx_word' id='word_1_176' title='bbox 456 3983 584 4068; x_wconf 89' lang='lat' dir='ltr'><strong>scriptio</strong></span> <span class='ocrx_word' id='word_1_177' title='bbox 599 4003 742 4046; x_wconf 88' lang='lat' dir='ltr'><strong>sermone</strong></span> <span class='ocrx_word' id='word_1_178' title='bbox 759 3979 885 4046; x_wconf 84' lang='lat' dir='ltr'><strong>Gsllico</strong></span> <span class='ocrx_word' id='word_1_179' title='bbox 898 3979 1059 4044; x_wconf 84' lang='lat' dir='ltr'><strong>adornata.</strong></span> 
     </span>
    </p>

    <p class='ocr_par' dir='ltr' id='par_1_15' title="bbox 415 4087 1840 4293">
     <span class='ocr_line' id='line_1_26' title="bbox 415 4087 1840 4180; baseline -0.001 -21"><span class='ocrx_word' id='word_1_180' title='bbox 415 4093 468 4160; x_wconf 90' lang='lat' dir='ltr'><strong>Sic</strong></span> <span class='ocrx_word' id='word_1_181' title='bbox 482 4093 609 4180; x_wconf 88' lang='lat' dir='ltr'><strong>incipit:</strong></span> <span class='ocrx_word' id='word_1_182' title='bbox 635 4101 656 4134; x_wconf 81' lang='lat'><strong>‘⁶</strong></span> <span class='ocrx_word' id='word_1_183' title='bbox 667 4092 799 4158; x_wconf 90' lang='lat' dir='ltr'><strong>Comme</strong></span> <span class='ocrx_word' id='word_1_184' title='bbox 813 4091 836 4155; x_wconf 91' lang='lat' dir='ltr'><strong>il</strong></span> <span class='ocrx_word' id='word_1_185' title='bbox 851 4090 918 4156; x_wconf 89' lang='lat' dir='ltr'><strong>ensi</strong></span> <span class='ocrx_word' id='word_1_186' title='bbox 933 4091 1002 4168; x_wconf 83' lang='lat' dir='ltr'><strong>soit,</strong></span> <span class='ocrx_word' id='word_1_187' title='bbox 1025 4111 1087 4176; x_wconf 89' lang='lat' dir='ltr'><strong>que</strong></span> <span class='ocrx_word' id='word_1_188' title='bbox 1100 4087 1132 4153; x_wconf 91' lang='lat' dir='ltr'><strong>la</strong></span> <span class='ocrx_word' id='word_1_189' title='bbox 1145 4099 1228 4153; x_wconf 90' lang='lat' dir='ltr'><strong>terre</strong></span> <span class='ocrx_word' id='word_1_190' title='bbox 1243 4087 1433 4154; x_wconf 88' lang='lat' dir='ltr'><strong>doutremire</strong></span> <span class='ocrx_word' id='word_1_191' title='bbox 1456 4099 1521 4152; x_wconf 88' lang='lat' dir='ltr'><strong>cest</strong></span> <span class='ocrx_word' id='word_1_192' title='bbox 1541 4089 1678 4153; x_wconf 88' lang='lat' dir='ltr'><strong>assavoir</strong></span> <span class='ocrx_word' id='word_1_193' title='bbox 1691 4089 1723 4154; x_wconf 91' lang='lat' dir='ltr'><strong>la</strong></span> <span class='ocrx_word' id='word_1_194' title='bbox 1737 4089 1840 4157; x_wconf 89' lang='lat' dir='ltr'><strong>Terre</strong></span> 
     </span>
     <span class='ocr_line' id='line_1_27' title="bbox 458 4200 1840 4293; baseline -0.003 -20"><span class='ocrx_word' id='word_1_195' title='bbox 458 4216 481 4249; x_wconf 91' lang='lat'><strong>“</strong></span> <span class='ocrx_word' id='word_1_196' title='bbox 496 4207 613 4284; x_wconf 72' lang='lat' dir='ltr'><strong>seinte,</strong></span> <span class='ocrx_word' id='word_1_197' title='bbox 629 4229 691 4293; x_wconf 92' lang='lat' dir='ltr'><strong>que</strong></span> <span class='ocrx_word' id='word_1_198' title='bbox 703 4205 831 4270; x_wconf 88' lang='lat' dir='ltr'><strong>homme</strong></span> <span class='ocrx_word' id='word_1_199' title='bbox 845 4205 893 4269; x_wconf 92' lang='lat' dir='ltr'><strong>dit</strong></span> <span class='ocrx_word' id='word_1_200' title='bbox 905 4204 937 4268; x_wconf 90' lang='lat' dir='ltr'><strong>la</strong></span> <span class='ocrx_word' id='word_1_201' title='bbox 950 4216 1033 4268; x_wconf 88' lang='lat' dir='ltr'><strong>terre</strong></span> <span class='ocrx_word' id='word_1_202' title='bbox 1054 4200 1095 4267; x_wconf 88' lang='lat' dir='ltr'><strong>de</strong></span> <span class='ocrx_word' id='word_1_203' title='bbox 1110 4201 1314 4278; x_wconf 87' lang='lat' dir='ltr'><strong>Promission,</strong></span> <span class='ocrx_word' id='word_1_204' title='bbox 1338 4212 1427 4264; x_wconf 89' lang='lat' dir='ltr'><strong>outre</strong></span> <span class='ocrx_word' id='word_1_205' title='bbox 1442 4212 1544 4266; x_wconf 86' lang='lat' dir='ltr'><strong>tontes</strong></span> <span class='ocrx_word' id='word_1_206' title='bbox 1559 4214 1663 4267; x_wconf 89' lang='lat' dir='ltr'><strong>autres</strong></span> <span class='ocrx_word' id='word_1_207' title='bbox 1677 4214 1760 4268; x_wconf 89' lang='lat' dir='ltr'><strong>terre</strong></span> <span class='ocrx_word' id='word_1_208' title='bbox 1779 4205 1840 4269; x_wconf 91' lang='lat' dir='ltr'><strong>soit</strong></span> 
     </span>
    </p>
   </div>
   <div class='ocr_carea' id='block_1_10' title="bbox 456 4310 1841 4494">
    <p class='ocr_par' dir='ltr' id='par_1_16' title="bbox 456 4310 1841 4494">
     <span class='ocr_line' id='line_1_28' title="bbox 457 4310 1841 4402; baseline -0.001 -22"><span class='ocrx_word' id='word_1_209' title='bbox 457 4321 479 4358; x_wconf 87' lang='lat'>“</span> <span class='ocrx_word' id='word_1_210' title='bbox 493 4317 524 4380; x_wconf 90' lang='lat' dir='ltr'><strong>la</strong></span> <span class='ocrx_word' id='word_1_211' title='bbox 537 4317 609 4402; x_wconf 91' lang='lat' dir='ltr'><strong>plus</strong></span> <span class='ocrx_word' id='word_1_212' title='bbox 624 4315 806 4394; x_wconf 82' lang='lat' dir='ltr'><strong>excellente,</strong></span> <span class='ocrx_word' id='word_1_213' title='bbox 822 4326 855 4379; x_wconf 90' lang='lat' dir='ltr'><strong>et</strong></span> <span class='ocrx_word' id='word_1_214' title='bbox 867 4314 899 4378; x_wconf 87' lang='lat' dir='ltr'><strong>la</strong></span> <span class='ocrx_word' id='word_1_215' title='bbox 912 4313 983 4399; x_wconf 86' lang='lat' dir='ltr'><strong>plus</strong></span> <span class='ocrx_word' id='word_1_216' title='bbox 998 4311 1104 4401; x_wconf 80' lang='lat' dir='ltr'><strong>digne,</strong></span> <span class='ocrx_word' id='word_1_217' title='bbox 1120 4324 1152 4376; x_wconf 86' lang='lat' dir='ltr'><strong>et</strong></span> <span class='ocrx_word' id='word_1_218' title='bbox 1166 4310 1268 4390; x_wconf 86' lang='lat' dir='ltr'><strong>dame,</strong></span> <span class='ocrx_word' id='word_1_219' title='bbox 1284 4321 1317 4376; x_wconf 92' lang='lat' dir='ltr'><strong>et</strong></span> <span class='ocrx_word' id='word_1_220' title='bbox 1332 4312 1544 4400; x_wconf 87' lang='lat' dir='ltr'><strong>Souveraigne</strong></span> <span class='ocrx_word' id='word_1_221' title='bbox 1558 4311 1599 4378; x_wconf 91' lang='lat' dir='ltr'><strong>de</strong></span> <span class='ocrx_word' id='word_1_222' title='bbox 1613 4324 1715 4378; x_wconf 84' lang='lat' dir='ltr'><strong>tontes</strong></span> <span class='ocrx_word' id='word_1_223' title='bbox 1726 4325 1841 4383; x_wconf 83' lang='lat' dir='ltr'><strong>,autres</strong></span> 
     </span>
     <span class='ocr_line' id='line_1_29' title="bbox 456 4431 655 4494; baseline 0 -1"><span class='ocrx_word' id='word_1_224' title='bbox 456 4438 479 4472; x_wconf 76' lang='lat'><strong>‘⁶</strong></span> <span class='ocrx_word' id='word_1_225' title='bbox 492 4431 655 4494; x_wconf 84' lang='lat' dir='ltr'><strong>terres”-</strong></span> 
     </span>
    </p>
   </div>
   <div class='ocr_carea' id='block_1_11' title="bbox 414 4536 1842 5634">
    <p class='ocr_par' dir='ltr' id='par_1_17' title="bbox 415 4536 1238 4626">
     <span class='ocr_line' id='line_1_30' title="bbox 415 4536 1238 4626; baseline -0.007 -20"><span class='ocrx_word' id='word_1_226' title='bbox 415 4541 526 4606; x_wconf 80' lang='lat' dir='ltr'><strong>Habet</strong></span> <span class='ocrx_word' id='word_1_227' title='bbox 539 4539 613 4606; x_wconf 84' lang='lat' dir='ltr'><strong>lolia</strong></span> <span class='ocrx_word' id='word_1_228' title='bbox 629 4547 680 4619; x_wconf 82' lang='lat'><strong>77,</strong></span> <span class='ocrx_word' id='word_1_229' title='bbox 699 4540 812 4626; x_wconf 86' lang='lat' dir='ltr'><strong>Capita</strong></span> <span class='ocrx_word' id='word_1_230' title='bbox 828 4548 879 4618; x_wconf 79' lang='grc'><strong>88,</strong></span> <span class='ocrx_word' id='word_1_231' title='bbox 894 4549 1010 4626; x_wconf 82' lang='lat' dir='ltr'><strong>praeter</strong></span> <span class='ocrx_word' id='word_1_232' title='bbox 1026 4536 1238 4603; x_wconf 76' lang='lat' dir='ltr'><strong>Praefationes.</strong></span> 
     </span>
    </p>

    <p class='ocr_par' dir='ltr' id='par_1_18' title="bbox 414 4645 1839 4852">
     <span class='ocr_line' id='line_1_31' title="bbox 414 4645 1839 4740; baseline -0.003 -22"><span class='ocrx_word' id='word_1_233' title='bbox 414 4653 454 4718; x_wconf 90' lang='lat' dir='ltr'><strong>In</strong></span> <span class='ocrx_word' id='word_1_234' title='bbox 475 4652 538 4717; x_wconf 89' lang='lat' dir='ltr'><strong>fine</strong></span> <span class='ocrx_word' id='word_1_235' title='bbox 559 4653 632 4718; x_wconf 91' lang='lat' dir='ltr'><strong>libri</strong></span> <span class='ocrx_word' id='word_1_236' title='bbox 645 4651 761 4740; x_wconf 89' lang='lat' dir='ltr'><strong>legitur</strong></span> <span class='ocrx_word' id='word_1_237' title='bbox 776 4650 944 4716; x_wconf 82' lang='lat' dir='ltr'><strong>Dedicstn‘o</strong></span> <span class='ocrx_word' id='word_1_238' title='bbox 965 4649 1068 4715; x_wconf 85' lang='lat' dir='ltr'><strong>brevis</strong></span> <span class='ocrx_word' id='word_1_239' title='bbox 1091 4647 1206 4735; x_wconf 86' lang='lat' dir='ltr'><strong>(hujus,</strong></span> <span class='ocrx_word' id='word_1_240' title='bbox 1234 4658 1269 4712; x_wconf 90' lang='lat' dir='ltr'><strong>ut</strong></span> <span class='ocrx_word' id='word_1_241' title='bbox 1289 4645 1421 4725; x_wconf 87' lang='lat' dir='ltr'><strong>videtur,</strong></span> <span class='ocrx_word' id='word_1_242' title='bbox 1448 4646 1534 4730; x_wconf 84' lang='lat' dir='ltr'><strong>libri)</strong></span> <span class='ocrx_word' id='word_1_243' title='bbox 1550 4647 1700 4714; x_wconf 77' lang='lat' dir='ltr'><strong>Eduardo</strong></span> <span class='ocrx_word' id='word_1_244' title='bbox 1713 4649 1839 4732; x_wconf 89' lang='lat' dir='ltr'><strong>[tertio]</strong></span> 
     </span>
     <span class='ocr_line' id='line_1_32' title="bbox 459 4761 1103 4852; baseline -0.009 -22"><span class='ocrx_word' id='word_1_245' title='bbox 459 4765 654 4830; x_wconf 85' lang='lat' dir='ltr'><strong>Francorum</strong></span> <span class='ocrx_word' id='word_1_246' title='bbox 668 4776 700 4829; x_wconf 90' lang='lat' dir='ltr'><strong>et</strong></span> <span class='ocrx_word' id='word_1_247' title='bbox 715 4761 832 4852; x_wconf 86' lang='lat' dir='ltr'><strong>Anglie</strong></span> <span class='ocrx_word' id='word_1_248' title='bbox 848 4761 931 4850; x_wconf 88' lang='lat' dir='ltr'><strong>Regi</strong></span> <span class='ocrx_word' id='word_1_249' title='bbox 945 4761 1103 4846; x_wconf 82' lang='lat' dir='ltr'><strong>inscripta.</strong></span> 
     </span>
    </p>

    <p class='ocr_par' dir='ltr' id='par_1_19' title="bbox 417 4870 1842 5188">
     <span class='ocr_line' id='line_1_33' title="bbox 417 4870 1839 4960; baseline -0.005 -18"><span class='ocrx_word' id='word_1_250' title='bbox 417 4876 617 4942; x_wconf 85' lang='lat' dir='ltr'><strong>Itinerarium</strong></span> <span class='ocrx_word' id='word_1_251' title='bbox 631 4875 694 4940; x_wconf 91' lang='lat' dir='ltr'><strong>boc</strong></span> <span class='ocrx_word' id='word_1_252' title='bbox 710 4873 859 4960; x_wconf 72' lang='lat' dir='ltr'><strong>(Gallica,</strong></span> <span class='ocrx_word' id='word_1_253' title='bbox 875 4872 961 4960; x_wconf 92' lang='lat' dir='ltr'><strong>quod</strong></span> <span class='ocrx_word' id='word_1_254' title='bbox 975 4873 1081 4951; x_wconf 88' lang='lat' dir='ltr'><strong>sciam,</strong></span> <span class='ocrx_word' id='word_1_255' title='bbox 1096 4870 1221 4960; x_wconf 77' lang='lat' dir='ltr'><strong>lingui)</strong></span> <span class='ocrx_word' id='word_1_256' title='bbox 1233 4872 1266 4935; x_wconf 91' lang='lat' dir='ltr'><strong>in</strong></span> <span class='ocrx_word' id='word_1_257' title='bbox 1279 4870 1383 4936; x_wconf 84' lang='lat' dir='ltr'><strong>lucem</strong></span> <span class='ocrx_word' id='word_1_258' title='bbox 1397 4892 1558 4958; x_wconf 87' lang='lat' dir='ltr'><strong>nunquam</strong></span> <span class='ocrx_word' id='word_1_259' title='bbox 1572 4870 1761 4956; x_wconf 88' lang='lat' dir='ltr'><strong>productum</strong></span> <span class='ocrx_word' id='word_1_260' title='bbox 1774 4882 1839 4936; x_wconf 85' lang='lat' dir='ltr'><strong>est:</strong></span> 
     </span>
     <span class='ocr_line' id='line_1_34' title="bbox 459 4981 1842 5077; baseline -0.006 -23"><span class='ocrx_word' id='word_1_261' title='bbox 459 4987 595 5077; x_wconf 72' lang='lat' dir='ltr'><strong>Anglicd</strong></span> <span class='ocrx_word' id='word_1_262' title='bbox 609 5009 712 5072; x_wconf 89' lang='lat' dir='ltr'><strong>nuper</strong></span> <span class='ocrx_word' id='word_1_263' title='bbox 726 4985 845 5051; x_wconf 90' lang='lat' dir='ltr'><strong>editum</strong></span> <span class='ocrx_word' id='word_1_264' title='bbox 866 4996 923 5063; x_wconf 86' lang='lat' dir='ltr'><strong>est,</strong></span> <span class='ocrx_word' id='word_1_265' title='bbox 947 4983 1034 5049; x_wconf 71' lang='lat' dir='ltr'><strong>al).</strong></span> <span class='ocrx_word' id='word_1_266' title='bbox 1054 4990 1156 5050; x_wconf 74' lang='lat'><strong>162...</strong></span> <span class='ocrx_word' id='word_1_267' title='bbox 1202 4983 1319 5069; x_wconf 79' lang='lat' dir='ltr'><strong>Operae</strong></span> <span class='ocrx_word' id='word_1_268' title='bbox 1332 4983 1469 5069; x_wconf 89' lang='lat' dir='ltr'><strong>pretium</strong></span> <span class='ocrx_word' id='word_1_269' title='bbox 1489 4981 1583 5048; x_wconf 82' lang='lat' dir='ltr'><strong>fuerit</strong></span> <span class='ocrx_word' id='word_1_270' title='bbox 1596 4981 1758 5067; x_wconf 83' lang='lat' dir='ltr'><strong>exemplar</strong></span> <span class='ocrx_word' id='word_1_271' title='bbox 1772 4982 1842 5047; x_wconf 49' lang='lat' dir='ltr'><strong>Ans</strong></span> 
     </span>
     <span class='ocr_line' id='line_1_35' title="bbox 457 5095 1537 5188; baseline -0.005 -25"><span class='ocrx_word' id='word_1_272' title='bbox 457 5100 575 5188; x_wconf 87' lang='lat' dir='ltr'><strong>glicum</strong></span> <span class='ocrx_word' id='word_1_273' title='bbox 589 5121 661 5165; x_wconf 92' lang='lat' dir='ltr'><strong>cum</strong></span> <span class='ocrx_word' id='word_1_274' title='bbox 677 5096 803 5164; x_wconf 87' lang='lat' dir='ltr'><strong>Gallico</strong></span> <span class='ocrx_word' id='word_1_275' title='bbox 817 5107 925 5162; x_wconf 90' lang='lat' dir='ltr'><strong>nostro</strong></span> <span class='ocrx_word' id='word_1_276' title='bbox 940 5095 1091 5161; x_wconf 87' lang='lat' dir='ltr'><strong>conferre.</strong></span> <span class='ocrx_word' id='word_1_277' title='bbox 1281 5162 1283 5168; x_wconf 64' lang='grc'>,</span> <span class='ocrx_word' id='word_1_278' title='bbox 1534 5133 1537 5138; x_wconf 91' lang='grc'><strong>-</strong></span> 
     </span>
    </p>

    <p class='ocr_par' dir='ltr' id='par_1_20' title="bbox 417 5204 1841 5634">
     <span class='ocr_line' id='line_1_36' title="bbox 417 5204 1839 5296; baseline -0.008 -17"><span class='ocrx_word' id='word_1_279' title='bbox 417 5213 560 5296; x_wconf 86' lang='lat' dir='ltr'><strong>Scriptus</strong></span> <span class='ocrx_word' id='word_1_280' title='bbox 575 5223 623 5276; x_wconf 87' lang='lat' dir='ltr'><strong>est</strong></span> <span class='ocrx_word' id='word_1_281' title='bbox 635 5209 688 5275; x_wconf 93' lang='lat' dir='ltr'><strong>hic</strong></span> <span class='ocrx_word' id='word_1_282' title='bbox 704 5208 818 5276; x_wconf 82' lang='lat' dir='ltr'><strong>Codex</strong></span> <span class='ocrx_word' id='word_1_283' title='bbox 831 5209 921 5274; x_wconf 89' lang='lat' dir='ltr'><strong>lineis</strong></span> <span class='ocrx_word' id='word_1_284' title='bbox 936 5208 1090 5274; x_wconf 87' lang='lat' dir='ltr'><strong>continuis</strong></span> <span class='ocrx_word' id='word_1_285' title='bbox 1098 5231 1108 5285; x_wconf 83' lang='lat'>3</span> <span class='ocrx_word' id='word_1_286' title='bbox 1122 5205 1220 5272; x_wconf 87' lang='lat' dir='ltr'><strong>literis</strong></span> <span class='ocrx_word' id='word_1_287' title='bbox 1234 5205 1418 5287; x_wconf 90' lang='lat' dir='ltr'><strong>minoribus,</strong></span> <span class='ocrx_word' id='word_1_288' title='bbox 1433 5207 1542 5285; x_wconf 85' lang='lat' dir='ltr'><strong>acutis,</strong></span> <span class='ocrx_word' id='word_1_289' title='bbox 1558 5205 1623 5271; x_wconf 85' lang='lat' dir='ltr'><strong>sive</strong></span> <span class='ocrx_word' id='word_1_290' title='bbox 1639 5204 1839 5283; x_wconf 73' lang='lat' dir='ltr'><strong>secretariis:</strong></span> 
     </span>
     <span class='ocr_line' id='line_1_37' title="bbox 460 5317 1841 5407; baseline -0.004 -20"><span class='ocrx_word' id='word_1_291' title='bbox 460 5321 585 5388; x_wconf 88' lang='lat' dir='ltr'><strong>circiter</strong></span> <span class='ocrx_word' id='word_1_292' title='bbox 598 5343 716 5387; x_wconf 86' lang='lat' dir='ltr'><strong>annum</strong></span> <span class='ocrx_word' id='word_1_293' title='bbox 732 5329 828 5400; x_wconf 76' lang='lat'><strong>1400,</strong></span> <span class='ocrx_word' id='word_1_294' title='bbox 855 5325 904 5407; x_wconf 89' lang='lat' dir='ltr'><strong>(ut</strong></span> <span class='ocrx_word' id='word_1_295' title='bbox 917 5319 1065 5402; x_wconf 85' lang='lat' dir='ltr'><strong>videtur,)</strong></span> <span class='ocrx_word' id='word_1_296' title='bbox 1086 5318 1228 5406; x_wconf 79' lang='lat' dir='ltr'><strong>adebque</strong></span> <span class='ocrx_word' id='word_1_297' title='bbox 1241 5339 1307 5382; x_wconf 91' lang='lat' dir='ltr'><strong>non</strong></span> <span class='ocrx_word' id='word_1_298' title='bbox 1320 5319 1421 5386; x_wconf 90' lang='lat' dir='ltr'><strong>multo</strong></span> <span class='ocrx_word' id='word_1_299' title='bbox 1441 5330 1513 5404; x_wconf 88' lang='lat' dir='ltr'><strong>post</strong></span> <span class='ocrx_word' id='word_1_300' title='bbox 1527 5317 1841 5392; x_wconf 85' lang='lat' dir='ltr'><strong>Auctorismortem;</strong></span> 
     </span>
     <span class='ocr_line' id='line_1_38' title="bbox 460 5426 1840 5520; baseline -0.003 -23"><span class='ocrx_word' id='word_1_301' title='bbox 460 5455 533 5520; x_wconf 83' lang='lat' dir='ltr'><strong>quae</strong></span> <span class='ocrx_word' id='word_1_302' title='bbox 546 5432 657 5499; x_wconf 90' lang='lat' dir='ltr'><strong>incidit</strong></span> <span class='ocrx_word' id='word_1_303' title='bbox 677 5432 711 5498; x_wconf 90' lang='lat' dir='ltr'><strong>in</strong></span> <span class='ocrx_word' id='word_1_304' title='bbox 732 5453 851 5499; x_wconf 81' lang='lat' dir='ltr'><strong>mnam</strong></span> <span class='ocrx_word' id='word_1_305' title='bbox 868 5437 971 5510; x_wconf 73' lang='lat'><strong>1872:</strong></span> <span class='ocrx_word' id='word_1_306' title='bbox 992 5431 1077 5497; x_wconf 90' lang='lat' dir='ltr'><strong>utin</strong></span> <span class='ocrx_word' id='word_1_307' title='bbox 1098 5432 1165 5518; x_wconf 88' lang='lat' dir='ltr'><strong>ejus</strong></span> <span class='ocrx_word' id='word_1_308' title='bbox 1180 5427 1352 5516; x_wconf 82' lang='lat' dir='ltr'><strong>Epitaphio</strong></span> <span class='ocrx_word' id='word_1_309' title='bbox 1365 5427 1471 5496; x_wconf 83' lang='lat' dir='ltr'><strong>videre</strong></span> <span class='ocrx_word' id='word_1_310' title='bbox 1485 5440 1543 5508; x_wconf 75' lang='lat' dir='ltr'><strong>est,</strong></span> <span class='ocrx_word' id='word_1_311' title='bbox 1565 5427 1652 5516; x_wconf 92' lang='lat' dir='ltr'><strong>quod</strong></span> <span class='ocrx_word' id='word_1_312' title='bbox 1672 5427 1759 5516; x_wconf 91' lang='lat' dir='ltr'><strong>apud</strong></span> <span class='ocrx_word' id='word_1_313' title='bbox 1773 5426 1840 5494; x_wconf 89' lang='lat' dir='ltr'><strong>Pit·</strong></span> 
     </span>
     <span class='ocr_line' id='line_1_39' title="bbox 460 5543 686 5634; baseline -0.018 -21"><span class='ocrx_word' id='word_1_314' title='bbox 460 5565 549 5612; x_wconf 86' lang='lat' dir='ltr'><strong>seum</strong></span> <span class='ocrx_word' id='word_1_315' title='bbox 562 5543 686 5634; x_wconf 66' lang='lat' dir='ltr'><strong>legitur</strong></span> 
     </span>
    </p>
   </div>
   <div class='ocr_carea' id='block_1_12' title="bbox 0 0 2373 7844">
    <p class='ocr_par' dir='ltr' id='par_1_21' title="bbox 0 0 2373 7844">
     <span class='ocr_line' id='line_1_40' title="bbox 0 0 2373 7844; baseline 0 0"><span class='ocrx_word' id='word_1_316' title='bbox 0 0 2373 7844; x_wconf 95' lang='lat' dir='ltr'><strong> </strong></span> 
     </span>
    </p>
   </div>
  </div>
 </body>
</html>
