4640 7842
72 1539 212 1688 {culici
228 1537 285 1616 16.
311 1537 419 1614 Bana
436 1557 484 1610 nr
501 1555 596 1611 aurs.
648 1530 865 1635 [Tractatds
884 1533 967 1632 10.]

312 1719 340 1775 1.
365 1707 462 1774 Bnns
479 1727 517 1772 ru
533 1707 775 1773 Arocrnrrsru.

367 1819 516 1887 Praefatio
529 1819 574 1885 sic
587 1819 716 1906 incipit:
740 1816 970 1904 “Apocalipsis
993 1815 1048 1884 sti
1061 1816 1226 1898 iohannis,
1249 1817 1283 1884 in
1304 1819 1366 1908 qui
1381 1819 1465 1886 bella
1485 1833 1518 1924 et
1535 1823 1681 1890 incendia
1695 1825 1790 1892 intes·

412 1942 434 1975 “
448 1933 578 1996 tina”-

368 2045 467 2113 Liber
484 2053 549 2110 1Ιῃικ
568 2044 631 2110 sic:
656 2041 889 2130 “Apocalipsis
910 2041 987 2108 Jesu
1010 2041 1130 2110 Christi
1150 2043 1208 2110 dte.
1254 2041 1433 2112 “Fundeti
1455 2065 1513 2132 per
1534 2049 1706 2136 Apostolos
1729 2049 1792 2118 Ec-

412 2166 434 2200 ss
468 2157 479 2221 1
516 2156 610 2208 ''⁸”-

369 2179 622 2335 Oominbsdiarius
634 2267 688 2333 hic
702 2267 735 2331 in
749 2278 812 2332 tres
827 2265 924 2331 libros
939 2264 1057 2334 divisus
1071 2277 1128 2334 cst.

368 2381 517 2448 Occurrit
531 2402 635 2468 supra.
652 2379 693 2445 A.
709 2400 753 2445 ιν.
770 2378 851 2446 cod.
868 2387 920 2446 98.
935 2391 1024 2445 tract.
1044 2388 1072 2445 1.

363 2491 477 2560 Lineoe
491 2505 565 2558 sunt
578 2493 728 2582 integrm
752 2491 880 2570 Literae,
902 2491 1086 2572 mediocres,
1109 2489 1264 2572 rotunde,
1287 2511 1353 2558 non
1365 2491 1448 2560 maid
1461 2491 1613 2562 sormatoe.
1659 2493 1792 2563 Habere

408 2604 533 2672 videtur
546 2626 646 2670 annos
661 2613 735 2684 500,
751 2603 914 2670 autetiam
928 2603 1045 2690 plures.

306 2773 339 2833 9.
361 2765 493 2834 Dmrur
508 2785 667 2832 vmnums
682 2786 726 2831 nn
743 2766 886 2832 smum
904 2765 1039 2832 Srucro
1055 2784 1168 2830 crana.
1604 2767 1675 2834 Fol.
1691 2777 1745 2836 45.

366 2879 523 2968 Prologus
537 2878 690 2944 Jeronimi
712 2879 757 2944 sic
770 2877 899 2964 incipit:
924 2877 1040 2944 “Cum
1054 2877 1087 2942 in
1111 2877 1265 2944 Babilone
1279 2899 1429 2959 versarer,
1452 2890 1484 2946 et
1497 2894 1670 2968 purpurato
1684 2903 1786 2948 mere·

409 2999 431 3032 ‘⁴
445 2989 531 3055 tricis
544 3011 644 3055 essem
659 2989 854 3054 colonus''-

365 3102 464 3168 Liber
478 3102 542 3168 sic:
567 3101 756 3168 “Omnibus
771 3101 826 3190 qui
840 3122 902 3189 que
916 3099 1023 3165 divina
1037 3099 1174 3164 sunt’'-

366 3215 516 3282 Occurrit
531 3235 627 3302 supra
642 3213 682 3280 B.
699 3235 751 3280 111.
769 3213 850 3280 Cod.
866 3221 897 3278 9.
912 3225 1002 3278 tract.
1021 3221 1049 3279 l.
1095 3211 1134 3277 In
1148 3234 1188 3278 eo
1200 3212 1329 3294 Codice,
1346 3225 1381 3280 ut
1390 3213 1482 3280 etiam
1493 3215 1527 3280 in
1537 3213 1609 3296 hoc,
1625 3237 1706 3282 unus
1720 3227 1790 3281 tan-

406 3337 475 3390 tum
489 3337 537 3390 est
549 3324 647 3401 liber:
662 3345 727 3388 non
742 3337 817 3402 tres,
833 3336 869 3390 ut
883 3325 915 3388 in
930 3324 1031 3390 editis.

364 3435 474 3501 Linaoe
488 3448 562 3501 sunt
575 3436 734 3501 continuoe
742 3459 751 3513 3
775 3435 893 3500 Litersa
907 3435 1003 3520 paulo
1018 3435 1152 3520 majores
1174 3433 1330 3516 rotundus,
1353 3436 1520 3526 elegantes.
1567 3438 1731 3525 Scriptura
1745 3439 1787 3504 si·

305 3569 309 3574 ·
405 3547 489 3612 milis
503 3560 551 3612 est
567 3546 675 3628 Bedae,
690 3559 723 3614 et
736 3546 875 3636 ejusdem
890 3546 1013 3612 videtur
1027 3547 1138 3612 atatis.

310 3720 339 3777 9.
361 3710 466 3776 Lrnru
483 3721 502 3776 8
517 3731 617 3776 nram
633 3712 789 3794 Anourur
812 3709 965 3776 Draconi
988 3729 1033 3775 nn
1050 3709 1137 3774 Fron
1153 3708 1369 3787 Tururmrrs,
1393 3728 1436 3772 nr
1451 3729 1495 3774 nn
1512 3708 1785 3790 Iusiurarroun,

407 3846 452 3890 an
469 3823 641 3889 Cancrum
657 3821 922 3888 Iurnuaronnu.
1621 3821 1674 3886 iol.
1692 3829 1743 3890 70.

364 3934 514 4002 Praefatio
527 3933 568 3998 od
585 3933 735 3998 Carolum
758 3933 802 3998 sic
816 3933 944 4018 incipit:
969 3931 1142 3998 “Domino
1162 3930 1301 4020 glorioso
1317 3929 1433 3996 Camlo
1447 3933 1505 3996 &a
1549 3931 1639 3998 Dum
1653 3933 1789 4024 dignitas

413 4054 435 4087 “
450 4044 626 4130 Imperinlis
640 4067 659 4109 a
675 4044 748 4109 Deo
762 4044 907 4110 ordinata
920 4043 961 4108 ad
976 4044 1022 4108 nil
1036 4043 1186 4108 aliud”-

366 4155 465 4222 Liber
478 4157 546 4242 ipsc
560 4155 624 4220 sic:
648 4163 670 4198 ‘⁶
681 4155 830 4244 Denique
844 4156 885 4221 ad
900 4177 1007 4222 veram
1020 4154 1247 4223 beatitudinem
1261 4154 1367 4220 venire
1382 4153 1622 4221 volentibus’'-

364 4269 419 4335 Ab
433 4267 543 4333 eodem
558 4289 654 4332 manu
668 4280 716 4334 est
730 4289 805 4333 cum
817 4267 969 4356 Didymo.

308 4437 338 4493 4.
362 4426 531 4492 Errsroua
545 4427 674 4492 Aturus
690 4448 735 4491 au
752 4427 973 4493 Famnorsuu
990 4425 1164 4492 Noarnnu.
1613 4427 1666 4494 fol.
1683 4437 1736 4496 95.
1751 4429 1783 4496 b.

367 4539 420 4605 Sic
441 4537 568 4623 incipit:
602 4545 623 4580 “
634 4537 910 4603 Desideratissimo
931 4537 998 4602 lilio
1020 4537 1189 4626 Tridegiso
1214 4535 1351 4602 Albinus
1373 4536 1513 4603 salutem.
1557 4538 1693 4604 Placuit
1713 4562 1790 4626 pru·

408 4649 544 4714 “dentis
564 4649 618 4713 v'ie
639 4647 686 4712 fili
706 4648 1051 4730 ln'ire’'-[karissime.]
1096 4648 1135 4713 In
1157 4647 1346 4734 superlativo
1359 4648 1461 4737 gradu
1485 4643 1577 4715 litera
1589 4651 1611 4715 lc
1624 4649 1791 4718 adhibetur

407 4761 441 4826 in
458 4759 574 4838 Mrtis;
596 4759 629 4824 in
644 4759 772 4846 reliquis
786 4759 937 4847 gradibus
952 4759 1067 4844 saepius
1081 4783 1106 4823 c.

364 4873 510 4954 Albinus,
528 4872 695 4961 alquinus,
711 4885 743 4937 et
757 4871 911 4937 Alcuinus
927 4871 1066 4960 ejusdem
1080 4870 1140 4935 viri
1153 4881 1228 4936 sunt
1242 4869 1391 4937 Nomina.

308 5042 338 5102 5.
360 5033 416 5100 Dn
434 5033 521 5100 an
536 5050 738 5098 rascrarus.
1615 5025 1669 5094 fol
1687 5038 1739 5097 98.
1753 5030 1786 5096 b.

365 5145 521 5234 Prologus
536 5143 581 5209 sic
594 5143 722 5228 incipit:
747 5140 936 5220 “Quotiens
951 5140 1058 5208 Deum
1073 5142 1212 5232 cogitare
1226 5141 1436 5206 volumus”-

363 5257 532 5324 Tractatus
546 5257 613 5342 ipse
627 5255 689 5320 sic:
714 5255 853 5322 “Credo
866 5269 1063 5322 sacrosancte
1077 5255 1248 5320 divinitatis
1263 5267 1405 5320 eternam
1419 5250 1600 5317 unitatem?

365 5367 527 5453 Superiori
543 5363 695 5452 Epistola
708 5364 887 5432 immediate
901 5365 1100 5456 adjungitur3
1122 5378 1154 5432 et
1167 5365 1303 5432 eundem
1317 5363 1397 5430 forte
1411 5363 1506 5429 habet
1519 5373 1689 5428 auctorem.

306 5536 337 5594 6.
362 5523 603 5592 Hmuouruus
618 5543 662 5590 ns
679 5524 847 5592 Essnurra
862 5524 1078 5590 Tarurrrrrs.
1589 5522 1643 5589 iol.
1662 5531 1733 5590 109.
1749 5523 1781 5590 b.

364 5638 419 5704 Sic
438 5637 565 5724 incipit:
590 5637 833 5724 “Omnipotens
856 5637 957 5716 Deus,
983 5637 1087 5715 Pater,
1113 5647 1146 5701 et
1168 5635 1276 5715 lilius,
1299 5649 1331 5702 et
1354 5635 1489 5722 Spiritus
1513 5635 1788 5704 Sanctus-Unus

408 5757 431 5792 “
441 5761 534 5836 atque
548 5749 713 5814 trinus’'-

365 5859 454 5926 Huic
468 5862 614 5927 tractatui
628 5861 733 5926 nullus
748 5859 875 5927 Titulus
888 5859 1081 5948 praeligitur:
1104 5869 1141 5924 ut
1153 5857 1238 5925 idem
1252 5869 1300 5928 est
1313 5859 1394 5928 liber
1408 5881 1480 5928 ctun
1496 5883 1536 5928 eo
1550 5861 1604 5950 qui
1619 5860 1681 5927 hoc
1694 5859 1791 5928 habet

407 5993 533 6051 nomen,
550 5993 655 6060 supra,
674 5973 712 6038 B.
729 5994 773 6038 rv.
791 5971 872 6038 cod.
891 5980 941 6037 19.
956 5985 995 6036 tr.
1014 5980 1064 6040 17.

364 6081 471 6160 Quem
484 6083 575 6150 vide:
598 6099 631 6151 et
644 6083 736 6164 inira,
754 6081 792 6150 B.
810 6105 854 6150 rv.
872 6083 952 6150 cod.
969 6090 1021 6154 97.
1037 6092 1126 6148 tract.
1142 6092 1172 6149 9.

1006 6201 1027 6258 9
1042 6214 1064 6258 s
