4650 7852
525 1048 596 1126 168
1054 1071 1210 1124 comere
1235 1069 1492 1123 usuuscnnn

290 1271 334 1348 B.
349 1271 423 1347 III.
440 1277 498 1348 18.
627 1272 737 1340 Linea:
751 1271 860 1337 divisoe
874 1281 964 1337 sunt:
989 1271 1107 1336 Litera:
1121 1271 1306 1350 mediocres,
1329 1282 1430 1336 ecutae
1445 1273 1537 1358 (quas
1554 1269 1745 1335 secretana
1759 1274 1921 1355 vocamus)
1937 1273 2019 1338 bene

314 1369 406 1412 ’Μ
625 1386 776 1452 formatae.
822 1385 986 1471 Scriptura
1007 1384 1131 1450 videtur
1153 1407 1218 1450 non
1243 1384 1378 1450 multum
1401 1384 1560 1471 antiquior
1581 1395 1675 1450 aetate
1696 1383 1829 1450 Joannis
1852 1385 2017 1466 rattrud,

617 1501 681 1586 ·qui
694 1499 780 1564 hunc
793 1499 910 1564 librum
926 1499 1083 1566 Coenobio
1096 1499 1235 1577 donavit,
1251 1513 1283 1564 et
1297 1499 1375 1564 obiit
1390 1497 1477 1564 A.D.
1497 1506 1589 1564 1496.

525 1667 555 1724 8.
578 1655 781 1724 Taacrrrus
797 1657 1068 1722 Lrucouurussrs
1085 1676 1129 1720 ue
1146 1655 1297 1723 Lruoua.
1792 1659 1884 1724 Folio
1902 1667 1973 1725 128.

582 1767 634 1834 Ita
647 1781 777 1833 vocatur
791 1769 823 1832 in
838 1767 919 1833 fine:
942 1769 976 1832 in
996 1767 1085 1832 initio
1099 1767 1195 1834 totius
1216 1767 1393 1847 voluminis,
1415 1767 1469 1854 (ab
1484 1767 1544 1834 alit
1566 1771 1677 1853 manu)
1699 1769 1740 1835 de
1755 1769 1881 1858 Lingue
1895 1772 2016 1836 virtuti·

624 1883 683 1947 bus
698 1896 730 1946 et
743 1881 835 1946 vitiis.

582 1993 704 2058 Auctor
719 1992 810 2058 Libri
836 1991 1000 2078 (hactenus
1022 1992 1145 2076 inediti)
1168 2005 1215 2058 est
1232 1991 1391 2058 Robertus
1414 1993 1570 2074 Grostest,
1593 1993 1648 2081 qui
1670 1993 1846 2082 Episcopus
1862 1995 2013 2062 Liucoln-

481 2140 486 2156 «
625 2105 719 2170 iensis
734 2103 833 2170 nous
848 2117 896 2169 est
911 2103 997 2170 nl).
1017 2111 1110 2172 1285.

583 2215 637 2282 Sic
651 2216 777 2300 incipit:
802 2215 961 2304 “Lingua
974 2215 1120 2304 congruit
1133 2215 1167 2281 in
1182 2215 1247 2282 duc
1261 2237 1359 2302 opera
1371 2227 1494 2294 nature,
1509 2215 1543 2280 in
1557 2219 1748 2304 gustum”-

581 2325 744 2391 Dividitur
758 2327 790 2390 in
806 2336 825 2392 6
841 2339 955 2411 partes.

581 2437 622 2503 In
636 2437 700 2502 iiue
715 2437 804 2524 (folio
819 2439 897 2521 228)
913 2437 1075 2524 subjicitur
1091 2437 1194 2504 Iudex
1209 2459 1316 2504 rerum
1330 2435 1528 2523 alphabetico
1542 2437 1653 2504 ordine
1667 2437 1819 2529 digestrra

527 2605 558 2662 4.
582 2596 785 2664 Tnacrarus
801 2619 844 2662 ns
860 2597 1018 2663 Vnunurs
1034 2618 1220 2664 1100101111
1238 2597 1278 2662 R.
1291 2595 1335 2662 G.
1351 2596 1520 2664 Lrncoarr.
1538 2597 1663 2664 Er’unr.
1831 2597 1883 2664 soi
1896 2605 1968 2666 288.

582 2708 621 2773 In
637 2709 726 2773 initio
741 2707 833 2794 hujus
850 2707 997 2774 Codicis:
1022 2717 1044 2750 ‘⁶
1055 2708 1095 2774 de
1110 2708 1250 2774 Venonis
1264 2719 1467 2794 peccatorum
1481 2707 1692 2774 mortalium.”

580 2820 634 2884 Ab
649 2821 761 2885 eodem
775 2831 903 2886 auctore
918 2821 1052 2905 scriptus
1067 2831 1114 2884 est
1129 2819 1181 2884 hic
1197 2831 1360 2898 tractatus,
1376 2841 1396 2882 a
1416 2841 1480 2906 quo
1495 2821 1647 2904 superior.
1775 2799 1789 2826 ⁰

582 2931 635 2996 Sic
649 2931 777 3017 incipit:
803 2941 824 2974 ‘⁶
838 2931 933 2996 Ratio
948 2931 1071 2996 Veneni
1084 2931 1246 3015 potissime
1261 2929 1407 2994 convenit
1420 2930 1614 3014 peccato”-

525 3097 555 3157 5.
580 3090 698 3156 Sanno
715 3091 973 3156 Sacranorrsus
989 3108 1217 3155 0011111111.
1806 3087 1970 3155 10110245.

583 3200 634 3265 Ita
648 3215 777 3266 vocatur
791 3201 824 3264 in
840 3200 986 3266 Iudiculo
1000 3211 1200 3278 nactatnum,
1217 3200 1271 3286 qni
1285 3199 1360 3264 huic
1375 3197 1525 3264 volumini
1539 3197 1724 3286 praefigitur.

583 3309 695 3376 Sermo
709 3323 757 3376 est
778 3333 882 3398 quem,
904 3313 995 3398 jussu
1018 3311 1156 3376 Othonis
1181 3311 1338 3397 Pontificij
1365 3310 1477 3398 Legat.
1500 3310 1533 3372 in
1550 3307 1680 3396 Synodo
1703 3309 1899 3375 Londinensi
1915 3310 2016 3398 (A.D.

629 3422 726 3502 1287)
749 3419 913 3486 habiturus
934 3420 1035 3486 fuerat
1049 3435 1169 3502 auctor,
1196 3423 1256 3486 nisi
1281 3422 1395 3514 morito
1417 3420 1584 3506 impeditus
1608 3421 1724 3486 1011111.
1772 3422 1897 3506 Scripto
1920 3423 2018 3510 igitur

625 3533 843 3621 consignatum
857 3557 930 3598 eum
945 3533 1053 3614 edidit,
1069 3535 1152 3600 utin
1169 3533 1358 3600 Praefatione
1372 3533 1440 3620 ipse
1454 3531 1581 3598 indicat.

581 3641 737 3720 Quisnam
753 3645 804 3708 ille
826 3644 920 3710 fuerit
940 3667 1005 3710 non
1025 3659 1166 3721 constat:
1191 3645 1307 3710 nullius
1329 3645 1414 3710 enim
1436 3667 1552 3710 nomen
1577 3646 1755 3730 apponitur.
1802 3645 1866 3710 Sed
1883 3645 2017 3710 Roberti

628 3755 809 3822 Grossetest
831 3779 898 3822 esse
921 3757 995 3820 inde
1009 3757 1164 3844 conjicere
1185 3755 1267 3834 licet,
1291 3755 1377 3844 qudd
1393 3779 1465 3822 cunr
1479 3758 1547 3822 aliis
1565 3757 1698 3822 Roberti
1712 3757 1846 3841 scriptis,
1861 3769 1893 3822 et
1907 3756 2018 3824 eidem

626 3887 732 3945 manu,
749 3865 801 3932 hic
815 3869 1043 3956 conjungatur:
1067 3867 1215 3954 quidque
1230 3888 1306 3932 mox
1321 3881 1469 3955 sequatur
1491 3869 1545 3954 (ab
1560 3867 1670 3934 eidem
1685 3869 1794 3951 manu)
1812 3869 1942 3946 Sermo:
1964 3869 2018 3955 qui

627 4001 807 4066 quanquam
830 4001 889 4044 nec
904 3977 1038 4058 titulum,
1062 4001 1121 4044 uec
1136 3979 1272 4044 auctoris
1287 3999 1403 4044 nomen
1418 3979 1533 4044 habeat
1547 3979 1750 4067 adscriptum,
1769 3979 1901 4044 Roberti
1916 3997 2020 4044 tamen

625 4113 694 4156 esse
716 4093 913 4179 agnoscitur:
938 4092 1025 4172 [vide
1040 4103 1130 4156 tract.
1147 4097 1193 4174 7.]
1248 4089 1291 4154 Et
1312 4089 1400 4178 quod
1421 4091 1571 4176 temporis
1593 4091 1674 4156 ratio
1696 4091 1813 4176 optime
1836 4089 2018 4154 conveniat:

613 4201 698 4266 Nam
715 4203 862 4290 Synodus
876 4203 946 4268 haec
960 4203 1067 4268 habita
1081 4215 1129 4268 est
1144 4201 1232 4270 A.D.
1251 4208 1352 4278 12873
1371 4201 1530 4266 Robertus
1545 4212 1649 4265 autem
1665 4199 1792 4263 biennio
1803 4213 1875 4262 ante
1892 4199 2021 4284 (scilicet

626 4337 711 4381 anno
736 4320 833 4399 1285)
857 4317 1033 4403 Episcopus
1055 4314 1156 4378 factus
1179 4325 1243 4378 est:
1267 4324 1299 4376 et
1324 4311 1361 4378 eri
1383 4323 1451 4375 erat
1465 4309 1648 4374 eruditionis
1672 4309 1764 4386 fami,
1781 4323 1813 4372 et
1835 4311 1920 4374 tenni
1935 4309 2021 4394 apud

627 4449 737 4494 ornnes
750 4439 881 4515 propter
893 4429 976 4493 Vitae
988 4427 1192 4494 Sanctitatem
1202 4423 1399 4499 auctoritate,
1416 4433 1451 4484 nt
1465 4441 1559 4484 nemo
1570 4418 1669 4504 magis
1684 4417 1816 4482 idoneus
1827 4417 1902 4482 huic
1916 4417 2021 4482 officio

626 4537 784 4628 designari
800 4539 946 4626 potuerit.

587 4649 736 4714 Praefatio
751 4652 795 4715 sic
811 4651 936 4736 incipit:
961 4658 983 4692 “
995 4649 1195 4716 Premonitus
1211 4671 1230 4710 a
1245 4644 1427 4711 Venerabili
1443 4644 1538 4709 Patre
1550 4641 1656 4707 Otone
1673 4639 1780 4706 Sancti
1796 4639 1891 4705 Niciii
1906 4639 2022 4722 [Nico-

628 4769 649 4802 “
664 4761 721 4842 lai]
737 4761 769 4824 in
787 4763 922 4827 Cernere
938 4761 1087 4826 Tulliano
1103 4759 1280 4826 Diacono.”

586 4871 698 4936 Sermo
713 4873 779 4957 ipse
794 4872 856 4937 sic:
882 4872 1102 4939 “Sacerdotes
1117 4871 1163 4934 tui
1178 4868 1350 4933 induantur
1364 4865 1553 4931 Justitiam.''
1598 4862 1732 4944 [Psalm.
1751 4871 1822 4928 181.
1840 4867 1888 4942 9.]

528 4993 558 5050 6.
582 4983 638 5049 Ds
655 4985 795 5051 0111010
811 4985 980 5050 Ε1110011.
1804 4971 1971 5038 f0110268·
1986 4972 2017 5036 b·

588 5095 749 5180 Superiori
766 5095 927 5162 Concione
943 5095 974 5158 in
990 5094 1100 5160 eidem
1115 5094 1230 5182 pagini:
1246 5090 1455 5178 subjungitur.

587 5207 698 5272 Sermo
713 5219 760 5272 est
774 5207 913 5294 ejusdem
929 5212 977 5292 (ut
992 5207 1128 5290 videtur)
1142 5204 1275 5270 Roberti
1288 5203 1480 5276 Grossetest,
1496 5197 1529 5260 in
1541 5195 1607 5262 Tit
1627 5206 1654 5260 1.
1665 5203 1696 5265 ’1.
1742 5195 1913 5282 “Oportet
1928 5195 2022 5280 Epis·

631 5327 652 5361 ‘⁶
668 5341 782 5404 copum
797 5319 864 5383 sine
879 5318 1008 5384 crimine
1023 5319 1121 5384 esse.'’

531 5483 560 5544 7.
584 5477 705 5543 Seruo
724 5469 1586 5558 11011111[6101111011]1110011111111Ε1111011,
1604 5486 1810 5532 raorosrrus
1825 5487 1940 5532 couau
1958 5465 2024 5530 Pa-

628 5609 671 5653 ra
685 5607 728 5652 11
745 5588 1005 5654 0110111111111
1022 5609 1060 5654 ru
1079 5587 1246 5653 Concraro
1263 5579 1611 5660 nosceremus).
1632 5588 1726 5644 1250.
1813 5577 1888 5641 folio
1904 5585 1978 5644 254.

593 5697 704 5762 Sermo
719 5697 780 5778 hic,
797 5721 859 5787 que
874 5699 1029 5784 superiori
1052 5695 1231 5762 immediati:
1246 5693 1446 5782 subjungitur
1460 5715 1519 5756 uec
1534 5690 1669 5768 titulum,
1686 5711 1744 5754 nec
1759 5689 1895 5753 auctoris
1909 5709 2026 5752 nomen

632 5807 728 5872 habet
742 5809 944 5897 adscriptum.
991 5809 1105 5875 Editus
1119 5821 1167 5872 est
1188 5809 1250 5872 hoc
1263 5807 1355 5871 titulo
1377 5804 1417 5869 ab
1441 5803 1599 5869 Eduardo
1616 5801 1731 5866 Browu
1747 5801 1780 5865 in
1797 5799 1960 5866 Fasciculo
1975 5822 2025 5863 re·

634 5939 706 6006 rum
721 5922 979 6006 expetendarum,
995 5933 1027 5986 et
1040 5921 1280 6010 fugiendarum:
1303 5918 1337 5981 iu
1352 5915 1510 5981 volumine
1525 5915 1581 5992 2⁶⁰,
1597 5936 1670 6002 pag.
1687 5921 1761 5976 250.

594 6027 647 6096 Sic
661 6029 788 6117 incipit:
813 6033 1003 6102 “Dominus
1018 6033 1111 6101 Jesus
1128 6032 1261 6108 Cristus,
1277 6041 1404 6096 eternus
1419 6027 1518 6092 eterni
1535 6026 1637 6092 Patris
1652 6023 1800 6088 filius''-
