4650 7852
804 1145 990 1198 sccunsm
1016 1141 1290 1196 nmmnnnusrs.
1715 1129 1788 1204 109

75 1345 125 1420 Β,
149 1345 206 1423 ΙΙ,
226 1353 283 1420 11.
307 1353 358 1412 06.
382 1345 438 1412 Du
454 1343 652 1410 Lnrrnmus.
1582 1341 1650 1406 Fol.
1669 1352 1740 1410 106.
1755 1345 1789 1419 b,

2 1493 3 1530 t
87 1443 191 1486 '⁰¹³⁰
372 1458 424 1524 Sic
439 1456 564 1542 incipit:
590 1465 610 1497 “
621 1455 725 1542 Jaspis
738 1457 845 1522 viridis
860 1479 954 1544 super
968 1479 1061 1544 quem
1076 1455 1185 1522 fuerit:
1200 1453 1288 1520 nullu
1300 1453 1517 1539 phantasmata
1530 1451 1646 1518 timet.”

370 1567 543 1635 Dimidiem
557 1567 704 1656 paginmn
718 1568 836 1655 implet.

293 1713 345 1774 07.
368 1703 474 1769 Nonu
490 1724 617 1768 urvrun
631 1723 728 1769 unere
743 1723 964 1768 uncnssnnnn.
1666 1701 1742 1766 ibid.

369 1815 422 1880 Sic
435 1815 563 1900 incipit:
589 1821 610 1856 ‘⁶
619 1837 674 1900 pp.
689 1813 726 1896 [f.
741 1815 919 1900 proprium]
934 1813 995 1876 hoc
1009 1812 1042 1874 in
1057 1809 1320 1874 idiomatibus’-

369 1927 450 1993 Sunt
468 1936 505 1992 18
522 1926 627 2005 Notoe,
650 1925 762 2012 quibus
777 1927 824 1991 usi
839 1913 932 1990 fuisse
946 1923 1091 1988 videntur
1104 1923 1138 1986 in
1157 1921 1297 2008 legendis
1311 1920 1398 1986 libris
1413 1924 1519 2001 sacris,
1542 1925 1787 1990 accommodstae

409 2037 677 2104 observationibus
693 2037 775 2115 suis;
802 2037 865 2102 sive
887 2035 1089 2122 Theologicae
1104 2045 1216 2112 essent,
1243 2056 1298 2098 seu
1314 2033 1504 2113 Rhetoricae,
1521 2058 1577 2100 seu
1591 2037 1784 2119 Dialecticae,

411 2151 475 2214 sive
489 2150 615 2214 alterius
629 2149 761 2238 generis.
807 2148 898 2213 Notis
913 2147 987 2233 ipsis
1002 2146 1163 2234 subjicitur
1179 2145 1369 2232 Explanatio
1382 2147 1495 2244 brevis,
1512 2148 1573 2235 qud
1589 2173 1697 2215 earum
1712 2175 1787 2216 usus

410 2262 594 2327 ostenditur.

289 2405 341 2462 08.
364 2395 642 2463 Monocuonnum
658 2396 792 2462 Dom’ur
809 2393 1056 2458 Encunnrnnrs.
1593 2394 1646 2459 fol.
1666 2403 1737 2465 107.

368 2507 420 2572 Sic
434 2508 561 2593 incipit:
586 2516 607 2548 ‘⁶
620 2504 874 2571 Monochordum
892 2500 1097 2568 Eucheriodis
1112 2504 1297 2566 constst’-

368 2619 540 2684 Encherias
562 2617 624 2696 hic,
648 2617 787 2704 quisquis
807 2616 911 2694 fuerit,
938 2636 979 2678 ex
1001 2612 1091 2676 titulo
1114 2612 1272 2691 Doffinus,
1299 2613 1423 2679 videtur
1444 2615 1563 2680 ordinis
1588 2616 1786 2682 Benedictini

413 2729 592 2796 Monachus
606 2729 710 2796 firisse.

292 2873 344 2932 09.
368 2864 543 2930 Mnusunn
558 2865 694 2930 Don’nr
711 2863 848 2929 Bonrrs.
894 2860 1052 2926 Musicam
1065 2882 1244 2926 mensuram
1259 2860 1411 2949 intelligit.
1663 2865 1739 2930 ibid.
1754 2865 1786 2930 b.

369 2977 421 3043 Sic
436 2977 563 3061 incipit:
588 2984 610 3020 “
622 2975 740 3039 Totam
756 2974 893 3038 tabulam
908 2972 1012 3036 divide
1026 2973 1059 3034 in
1074 2973 1237 3058 quatuor.”

369 3113 419 3178 Fur
434 3112 545 3177 eodem
559 3110 651 3176 titulo
673 3109 827 3190 [Doriini]
851 3107 979 3172 Boetius
996 3108 1052 3170 iste
1066 3106 1189 3170 videtur
1212 3105 1391 3172 Monachus
1406 3087 1509 3186 fuisse,
1533 3122 1565 3173 et
1578 3132 1642 3173 non
1658 3109 1788 3175 celebris

409 3223 462 3286 ille
479 3222 608 3286 Anicius
625 3219 766 3284 Manlius
783 3219 948 3284 Severinus
965 3216 1136 3282 Boethius:
1159 3217 1213 3302 qui
1228 3229 1332 3280 tomen
1348 3218 1387 3282 de
1404 3218 1528 3284 Musici:
1551 3223 1675 3305 scripsit
1689 3221 1786 3285 libros

409 3343 439 3400 5.
484 3333 554 3397 Nisi
568 3333 647 3396 sorte
663 3331 858 3416 Excerptum
871 3329 932 3393 hoc
954 3353 972 3393 e
996 3327 1118 3414 Boethij
1134 3328 1216 3392 libro
1230 3326 1333 3406 fuerit,
1358 3329 1582 3418 Monechdque
1596 3333 1637 3396 ab
1653 3333 1786 3398 indoctis

411 3443 580 3509 Monachis
594 3442 795 3526 adscriptum.

291 3593 342 3650 30.
366 3581 600 3647 Cnounrrcun
614 3598 658 3642 nr
673 3576 938 3641 Eunnnonrcun
955 3594 1010 3637 :ru
1026 3593 1149 3637 rncrns.
1667 3577 1743 3643 ibid·

369 3694 421 3759 Sic
434 3693 561 3778 incipit:
587 3699 608 3732 ‘⁶
621 3691 716 3755 Sume
729 3687 927 3752 medietatem
942 3685 1032 3770 spatii
1047 3684 1132 3771 quod
1147 3696 1195 3748 est
1208 3684 1353 3748 intcff'-

297 3837 347 3895 31.
371 3828 548 3893 Mnusuns
562 3825 695 3892 Dou'nr
712 3823 898 3888 Gumours.
1599 3821 1652 3886 fol,
1672 3832 1742 3890 108.

369 3941 422 4007 Sic
436 3939 564 4024 incipit:
588 3945 609 3978 “
622 3936 758 4002 Gemma
771 3935 876 4019 imque
890 3929 1042 4015 imprimis
1057 3929 1181 3992 affixa?

369 4049 478 4116 Guido
492 4050 652 4127 Aretinus,
677 4045 899 4112 Benedictinus
920 4041 1109 4118 Monachus,
1133 4040 1257 4126 scripsit
1279 4039 1319 4104 de
1335 4039 1460 4107 Musicd
1475 4041 1572 4106 libros
1588 4052 1618 4122 0,
1642 4045 1715 4109 circ.
1730 4068 1787 4110 an·

70 4185 83 4231 :
125 4205 148 4242 2
411 4183 487 4225 num
506 4169 597 4226 1080.
641 4181 670 4222 v.
687 4157 784 4222 Gesn.
800 4159 829 4221 8:
846 4155 962 4220 Boron.
981 4161 1073 4218 1000.
1091 4154 1123 4216 S.
1139 4159 1192 4217 00.

290 4309 341 4366 30.
364 4299 533 4364 Enterons
550 4297 724 4362 Funnunrr
742 4296 980 4360 Cnnuornnsrs
997 4290 1166 4354 Errscorr.
1411 4293 1519 4356 cfolio
1537 4303 1597 4360 109
1613 4296 1653 4359 ad
1672 4303 1742 4366 137.

369 4411 420 4476 Sic
435 4409 605 4494 incipiunt:
630 4406 875 4471 “Dilectissimo
892 4403 978 4468 Patri
992 4413 1024 4466 et
1039 4400 1286 4485 Archiepiscopo
1310 4401 1348 4464 L.
1366 4401 1403 4466 F.
1418 4402 1482 4467 Dei
1496 4375 1595 4492 pretii:
1613 4407 1787 4473 Carnoten·

412 4520 528 4584 “sium
544 4518 718 4603 Episcopus
734 4513 895 4580 Orationis
917 4511 1108 4600 suffragium.
1154 4509 1294 4575 Multum
1310 4513 1424 4577 amoris
1439 4527 1531 4601 etque
1546 4516 1703 4581 fidelitatis
1718 4519 1785 4598 tibi,

414 4639 435 4672 ‘⁴
452 4631 555 4708 Pater,
580 4651 630 4694 me
659 4627 774 4692 debere
800 4625 976 4690 censeo’'-
1028 4621 1069 4685 N.
1081 4621 1119 4686 B.
1143 4620 1407 4707 Archiepiscopus
1430 4623 1469 4688 L.
1492 4625 1549 4690 fuit
1579 4626 1786 4694 Leuthericus

455 4741 653 4806 Senonensis.
696 4762 725 4802 v.
743 4736 915 4802 Beronium
929 4733 971 4798 cd
987 4736 1117 4798 Annum
1134 4741 1227 4797 1008.
1245 4733 1326 4797 Sect.
1343 4741 1373 4797 0.

368 4853 440 4918 Non
457 4851 567 4916 eodem
581 4851 691 4914 ordine
706 4831 908 4924 collocuntur,
920 4845 974 4932 qui
985 4846 1017 4908 in
1028 4843 1119 4908 editis
1133 4855 1282 4908 servatur.
1328 4844 1614 4912 Inserunturetiam
1625 4851 1785 4916 nonnulloe

409 4964 540 5027 aliorum
557 4960 724 5047 Epistolae:
741 4957 845 5022 etalio
862 4955 1002 5019 Fulberti
1017 4953 1167 5038 opuscula
1181 4965 1248 5018 turn
1263 4955 1366 5039 promi,
1383 4969 1449 5019 tum
1465 4959 1594 5022 metrice
1615 4959 1739 5043 scripta.

369 5075 508 5160 Scriptus
523 5082 570 5136 est
584 5084 667 5135 totus
684 5068 795 5134 Codex
814 5067 854 5130 ab
869 5063 979 5130 eidem
993 5085 1105 5141 manu3
1129 5063 1218 5128 lineis
1233 5062 1338 5128 divisis
1347 5089 1356 5144 3
1379 5064 1476 5129 literis
1491 5067 1709 5146 mediocribus,
1733 5089 1786 5131 ro-

408 5184 523 5262 tundis,
548 5181 751 5270 elegantibus,
778 5191 850 5242 ante
864 5197 981 5243 annum
1005 5185 1105 5240 1100:
1132 5174 1287 5240 fuitenirn
1311 5199 1390 5240 unus
1413 5199 1430 5240 e
1453 5177 1612 5242 codicibus
1628 5178 1785 5242 Wiliclmi

413 5295 459 5362 1¹⁰¹
476 5295 634 5381 Episcopi,
650 5292 703 5379 qui
718 5301 859 5355 mortuus
873 5302 921 5354 est
936 5287 1022 5352 Α.Ι).
1041 5297 1133 5353 1096.

227 5663 286 5731 10.
313 5655 529 5730 Aususrnn
548 5674 668 5724 oren:
686 5667 863 5726 nmouor.

312 5837 339 5892 1.
364 5827 470 5892 anrr
488 5825 684 5889 Aucusrrur
702 5819 971 5883 Cournssronuu
988 5807 1091 5875 Lmnr
1111 5818 1160 5876 13.

366 5937 419 6002 Sic
433 5935 602 6021 incipiunt:
628 5941 649 5974 ‘⁶
662 5929 802 6018 Magnus
816 5949 850 5990 es
865 5923 1004 5990 Domine
1018 5935 1050 5985 et
1063 5917 1228 5985 laudabilis
1243 5919 1396 5986 valde?-

365 6048 455 6113 Libri
473 6055 537 6112 1¹²⁰·
550 6057 582 6112 et
596 6043 654 6110 2⁴¹⁰·
667 6042 753 6108 hunc
768 6037 911 6105 Titulum
924 6034 1052 6110 hebent,
1068 6033 1108 6097 de
1125 6031 1337 6098 confessione.

1002 6164 1022 6208 s
1037 6165 1055 6207 e
