4640 7842
1007 921 1162 972 CODICES
1188 919 1442 972 manusculum

251 1293 292 1365 B.
308 1289 375 1362 lV.
398 1302 456 1368 10.
482 1294 690 1370 Cassrnuus
707 1317 754 1365 nr
772 1317 865 1366 surr.
917 1290 1132 1391 [Tractatris
1150 1289 1208 1386 6.]

259 1387 379 1434 emm
484 1454 511 1509 1.
534 1445 708 1510 Jouauurs
726 1441 916 1506 Hunnurra
934 1441 1172 1506 Connsmouns
1189 1461 1302 1506 uncam
1319 1459 1425 1505 ursan
1447 1437 1488 1503 ad
1504 1437 1626 1522 Papam
1641 1437 1810 1504 Leontium
1824 1453 1857 1504 et
1872 1441 1958 1506 Ella-

580 1554 667 1617 dium
682 1551 808 1616 fratrem
824 1553 1031 1617 karissimum.

536 1667 674 1731 Joannes
690 1665 741 1728 hic
759 1666 925 1729 Cassianus
941 1679 997 1730 est.

539 1777 686 1842 Praelatio
701 1777 744 1840 sic
762 1777 887 1860 incipit:
913 1777 1097 1840 “Debitum
1112 1777 1196 1863 quod
1211 1775 1390 1840 beatissimo
1406 1775 1493 1860 Papc
1510 1774 1719 1839 Castorio”-
1829 1833 1833 1843 .

538 1889 620 1952 Vide
636 1911 731 1974 supra
747 1887 784 1952 B.
802 1911 854 1952 111.
873 1887 952 1952 Cod.
970 1897 999 1952 8.
1016 1901 1104 1952 tract.
1121 1896 1151 1952 2.

479 2034 509 2090 2.
533 2026 666 2091 lsrnonr
684 2027 950 2090 Ancurarrscom
968 2025 1256 2108 Somuopmoaum
1271 2031 1406 2088 staura
1756 2021 1822 2086 Fol.
1842 2031 1912 2086 102.

538 2136 678 2200 Isidorus
694 2135 745 2198 hic
762 2135 960 2220 Hispalensis
975 2147 1031 2199 est.

538 2243 693 2332 Prologus
709 2245 752 2309 sic
768 2245 893 2330 incipit:
918 2247 1045 2311 “Venit
1059 2269 1160 2332 nuper
1173 2247 1214 2310 ad
1228 2247 1340 2312 manius
1355 2268 1439 2310 meas
1451 2244 1585 2331 quedam
1597 2243 1785 2308 scedula''—

538 2357 635 2420 Liber
654 2365 717 2420 1¹¹³⁰⁸
731 2357 792 2420 sic:
819 2358 966 2422 “Anima
981 2382 1050 2426 mea
1064 2360 1097 2421 in
1112 2359 1253 2446 augustiis
1269 2359 1370 2443 posita
1384 2359 1495 2422 est''-

535 2467 632 2531 Liber
648 2467 706 2530 2⁴¹⁰·
728 2467 788 2530 sic:
815 2477 835 2508 “
848 2468 957 2544 Queso
971 2483 1012 2547 te,
1030 2471 1156 2547 Anima,
1172 2469 1358 2546 obsecrem,
1374 2467 1528 2554 deprecor
1542 2470 1636 2532 ω’·-

536 2579 623 2642 Inter
638 2577 752 2640 librum
772 2585 847 2640 lmum
870 2593 901 2642 et
916 2579 986 2642 2⁶⁰¹*
1001 2581 1146 2644 inseritur
1161 2581 1263 2666 (quasi
1280 2579 1427 2644 Praelatio
1442 2581 1473 2644 in
1486 2579 1600 2643 librum
1613 2579 1695 2660 W)
1713 2577 1858 2667 Gregorij
1873 2581 1958 2666 Pape

578 2687 816 2751 tractatiuncula
829 2687 869 2752 de
884 2689 1027 2773 pestiferi
1043 2701 1141 2754 matre
1157 2690 1364 2778 vitiorumque
1382 2691 1503 2776 Reginis
1521 2690 1685 2776 Superbia.
1752 2689 1826 2754 lolio
1844 2701 1913 2757 110.

536 2800 588 2864 Sic
603 2801 728 2884 incipit:
754 2809 775 2840 ‘⁵
788 2801 990 2885 Temptantia
1004 2804 1092 2881 vicia,
1116 2827 1177 2889 que
1197 2803 1342 2866 invisibili
1365 2817 1473 2866 contra
1495 2825 1552 2864 nos
1567 2803 1677 2887 prelio,
1701 2817 1851 2890 regnante
1866 2827 1958 2890 super

579 2921 600 2952 “
615 2935 649 2974 se
663 2913 819 2996 superbiai,
836 2913 998 2978 militant.”
1044 2915 1177 2978 Videtur
1191 2913 1344 2998 particula
1358 2937 1376 2976 e
1392 2914 1538 3000 Gregorij
1555 2915 1677 2998 scriptis
1692 2915 1848 3000 decerpta.

543 3023 658 3108 lmplct
673 3023 805 3111 paginas
821 3037 941 3088 tantum
958 3029 1009 3110 21.

480 3172 508 3228 3.
533 3151 746 3242 ΑυῦἿῐὶιιυε]
763 3183 806 3226 uu
822 3183 962 3226 aruntis
978 3181 1181 3226 auumoauu
1197 3162 1226 3226 &
1243 3181 1340 3225 naurs
1358 3182 1601 3226 aernonoaum.
1768 3163 1820 3226 fol.
1840 3170 1910 3228 123.
1926 3163 1957 3226 b.

538 3273 590 3336 Sic
605 3273 732 3357 incipit:
758 3273 868 3338 “Tria
881 3287 953 3336 sunt
968 3273 1026 3336 sub
1041 3271 1262 3356 omnipotentis
1279 3271 1340 3335 Dei
1356 3294 1449 3335 uranu
1466 3271 1699 3336 habiticula”—

536 3383 617 3446 Vide
633 3407 725 3468 snpra
744 3383 781 3448 B.
800 3407 835 3448 11.
854 3383 933 3448 Cod.
951 3393 1002 3450 20.
1018 3396 1106 3448 tract.
1122 3391 1174 3452 at.
1219 3395 1251 3446 et
1267 3383 1347 3448 Cod.
1364 3391 1415 3448 29.
1432 3397 1470 3447 tr.
1487 3394 1517 3448 9.

479 3529 508 3582 4.
534 3519 647 3584 lvours
665 3519 839 3584 Errsroum
855 3541 947 3584 runs.
1702 3519 1776 3582 folio
1795 3528 1864 3588 127.
1880 3522 1911 3584 b.

538 3639 565 3694 1.
588 3630 675 3694 Jerio
692 3629 858 3694 Ferranice
882 3628 1141 3718 Congregationis
1157 3627 1335 3690 Venerabili
1362 3629 1535 3712 Preposito,
1559 3641 1727 3716 sanctoque
1743 3632 1808 3716 ejus
1823 3652 1958 3694 conven-

621 3742 675 3817 tui,
692 3753 723 3804 ct
737 3743 882 3805 omnibus
898 3743 929 3804 in
947 3743 1108 3806 Canonico
1122 3739 1232 3802 ordine
1247 3739 1419 3804 secundum
1436 3739 1542 3804 Deum
1559 3739 1740 3804 viventibus.

580 3851 705 3916 Titulus
721 3867 776 3930 est,
793 3853 833 3916 de
849 3852 970 3918 Ordine
988 3852 1230 3916 Canonicorum.

580 3963 685 4026 lvonis
701 3983 815 4026 nomen
830 3985 895 4026 non
917 3963 1104 4048 apponitur:
1128 3983 1185 4024 nec
1201 3960 1281 4024 inter
1304 3962 1369 4045 ejus
1393 3959 1643 4046 Epistolashanc
1657 3963 1791 4026 invenio.
1836 3967 1956 4028 Auctor

621 4087 742 4137 tantum
759 4086 849 4136 vocat
871 4096 904 4136 se
923 4073 1074 4136 humilem
1099 4071 1237 4136 Ecclesia
1263 4072 1295 4135 S.
1319 4071 1358 4134 lt.
1381 4094 1525 4138 servum:
1549 4073 1628 4138 adeo
1649 4087 1684 4138 ut
1698 4075 1738 4138 ab
1761 4073 1822 4138 alio
1844 4075 1957 4160 scripta

621 4183 716 4248 fuisse
732 4184 882 4247 videatur.

581 4296 633 4361 Sic
648 4295 773 4379 incipit:
799 4296 947 4358 “Sancto
963 4295 1093 4380 Spiritui
1107 4295 1240 4382 gratiam
1256 4295 1442 4384 agimus”-

535 4417 565 4472 2.
584 4405 770 4470 Reverendo
784 4405 872 4469 fratri
890 4405 985 4470 Petro
1002 4406 1177 4472 Pictavensi
1194 4407 1361 4492 Episcopo.

581 4517 632 4582 Sic
648 4515 772 4601 incipit:
798 4517 867 4582 “Si
881 4515 1105 4581 fraternitatem
1121 4531 1254 4581 vesuam
1269 4517 1364 4603 injus
1379 4539 1490 4580 vocare
1504 4519 1731 4602 possemus”—

536 4638 565 4692 8.
583 4627 765 4714 Virginibus
781 4629 812 4690 in
830 4627 975 4692 Dunensi
991 4627 1175 4714 Monasterij
1193 4627 1246 4693 sti
1263 4628 1348 4692 Aviti
1364 4627 1436 4692 Deo
1451 4628 1579 4692 devotis.

580 4739 633 4802 Sic
647 4739 772 4824 incipit:
798 4748 819 4780 ‘⁶
832 4739 1014 4804 Gloriosum
1030 4761 1143 4804 nomen
1161 4739 1366 4826 Virginitatis‚
1383 4740 1439 4804 sed
1453 4740 1619 4828 gloriosior
1633 4753 1680 4804 est
1693 4739 1841 4805 fruetus.”

581 4851 644 4914 His
659 4851 781 4916 duabus
798 4851 948 4938 Epistolis
965 4853 1070 4916 lvonis
1085 4874 1199 4915 nornen
1215 4852 1411 4916 adscribitur.

478 4997 508 5054 5.
532 4989 587 5054 Da
604 4991 899 5055 Arranrrroutuus
915 5011 1022 5054 naara
1039 4989 1202 5054 Vrnmms
1218 5011 1389 5054 tresanus.
1768 4989 1821 5054 sol.
1841 4999 1911 5056 131.
1927 4993 1960 5058 b.

536 5103 616 5166 Sunt
633 5101 835 5168 Narrationes
851 5112 903 5180 44,
921 5103 1073 5167 Oratione
1088 5103 1201 5186 partim
1217 5103 1319 5188 presai,
1332 5103 1446 5186 partim
1461 5101 1600 5181 metrica,
1617 5102 1750 5187 scriptae.

534 5214 691 5302 Prologus
706 5215 752 5278 sic
774 5214 900 5299 incipit:
924 5214 1007 5278 “Ad
1022 5214 1243 5298 omnipotentis
1266 5214 1328 5278 Dei
1344 5213 1469 5276 laudem
1492 5235 1564 5276 cum
1586 5234 1661 5298 sepe
1675 5214 1845 5280 recitentur
1862 5215 1958 5279 Sanc·

580 5333 602 5366 “
617 5337 720 5389 torum
736 5324 949 5389 miraculn'’-

536 5439 684 5503 Narratio
710 5441 812 5524 prima
837 5463 900 5504 stc:
933 5439 1108 5516 “Quidam
1132 5440 1179 5503 vir
1201 5438 1364 5526 religiosus
1390 5449 1466 5514 erat,
1492 5437 1544 5522 qui
1571 5451 1709 5504 sanctam
1734 5437 1799 5502 Dei
1821 5435 1957 5524 genetri-

582 5558 603 5591 ιι
618 5553 751 5614 cem„-

477 5695 507 5749 6.
532 5683 719 5750 Mrnncunn
735 5707 778 5750 nn
795 5687 943 5751 Domana
960 5707 1090 5752 uoarna
1107 5689 1240 5752 Sauara
1256 5685 1389 5750 Maura.
1771 5683 1825 5747 sol.
1844 5691 1929 5748 164.

536 5793 588 5859 Sic
617 5795 788 5881 incipiunt:
828 5799 939 5864 “Fuit
968 5798 1094 5885 quidam
1127 5798 1314 5886 ReligiosnS,
1347 5796 1549 5864 Leodiceusis
1574 5796 1724 5862 Ecclesia
1755 5793 1963 5862 Archidiaoo·

584 5915 606 5948 ‘⁶
620 5909 744 5972 nus’'—

541 6017 679 6104 Impleat
694 6018 767 6084 folia
782 6030 812 6086 8.
