4634 7874
836 1022 1023 1075 ECCLEBIAE
1041 1022 1319 1078 DUNELMENSIS·

50 1113 249 1171 APPENDIX.

73 1209 113 1282 B.
141 1207 210 1283 IV.
244 1210 304 1290 46.
323 1211 367 1284 D·
400 1215 530 1284 Summa
544 1237 639 1303 super
655 1218 835 1286 Retoricarn
851 1221 940 1286 Tulli
954 1226 988 1288 iu
1002 1246 1062 1288 uno
1076 1235 1232 1309 mono.

100 1304 190 1346 '⁰¹³⁰
335 1350 374 1416 n.
408 1351 533 1417 Tunius
548 1353 588 1419 ne
604 1353 792 1442 Eloquentia
806 1358 871 1423 ..ue
887 1359 1036 1424 nerone.
1050 1359 1158 1425 rum.

335 1489 372 1554 F.
408 1487 515 1553 Prima
531 1489 824 1558 Retorica-Glosa
838 1517 933 1581 super
948 1497 1341 1564 Retoricam-'Iractatus
1363 1519 1457 1584 super
1478 1495 1825 1566 Macrobium-Glose

406 1624 500 1687 super
517 1603 895 1674 Platonem-Tractatum
910 1632 1005 1696 super
1020 1623 1119 1678 artem
1135 1611 1305 1686 metricam.

334 1738 377 1804 G.
408 1737 534 1803 Tullius
548 1739 589 1806 de
604 1742 751 1808 Amicitit
767 1747 800 1808 in
814 1767 874 1809 uno
888 1757 1044 1830 quaterno.

334 1874 382 1940 H.
411 1875 568 1940 Retorica.

334 2009 361 2074 Ι.
408 2009 565 2075 Retorica.

337 2143 380 2210 Κ.
409 2145 518 2210 Glosoe
532 2167 627 2230 super
643 2146 833 2213 Retoricam.

857 2322 962 2390 Lrnnr
979 2323 1220 2402 Qmurnnnur.

338 2454 379 2518 A.
410 2453 664 2521 Declamationes
681 2455 878 2532 Quintiliani.

336 2587 376 2654 Β.
408 2589 621 2666 Quintilianus
636 2590 676 2656 de
692 2591 1020 2660 Institutionibus—et
1035 2593 1195 2658 Arthurus
1212 2593 1311 2660 Brito.

336 2727 378 2791 A.
410 2724 594 2790 Macrobius
609 2726 649 2790 de
666 2727 807 2812 Sompno
824 2727 988 2812 Scipionis.

335 2863 377 2926 Α.
409 2861 526 2925 Valerii
545 2861 678 2926 Maximi
696 2861 864 2926 Factorum
878 2873 972 2948 atquc
988 2862 1156 2928 Dictorum
1173 2863 1441 2932 Memorabilium.

335 2993 375 3061 B.
405 2995 503 3060 Liber
519 2996 652 3061 Palladii
666 2997 707 3061 de
723 2997 1001 3085 Agricultura—et
1018 2999 1154 3063 Cronica
1171 2999 1330 3088 Hugonis.

745 3195 857 3260 Lmnn
873 3195 1105 3260 Drvnnsonunr
1124 3196 1326 3260 Ponnnnun.

335 3305 376 3368 A.
402 3304 570 3390 Pompeius
586 3304 725 3392 Trogus,

335 3415 372 3480 C.
405 3415 575 3500 Pompeius
591 3415 718 3502 Trogus
741 3427 772 3479 et
794 3415 945 3504 Vegetius
967 3415 1007 3478 de
1029 3437 1064 3479 re
1080 3415 1205 3479 militari
1227 3428 1259 3480 ct
1274 3417 1412 3504 Tropius
1429 3420 1629 3508 (Eutropius)
1645 3424 1686 3492 de
1701 3425 1820 3492 Roma·

407 3553 449 3618 nri
467 3551 620 3617 Historii.

338 3687 382 3752 D.
411 3687 518 3751 Prima
532 3708 605 3771 pars
621 3685 726 3773 Agelli
741 3686 833 3771 (Auli
848 3683 959 3766 Gellii)
977 3683 1126 3749 Noctium
1143 3685 1329 3753 Atticarum.

338 3823 377 3888 E.
410 3821 557 3887 Secunda
569 3843 642 3907 pars
659 3821 784 3910 Agellii.

338 3958 379 4022 A.
410 3955 617 4044 Apologitum
632 3955 820 4020 Tertulliani
835 3979 908 4022 curn
922 3957 1077 4044 excerptis
1094 3957 1270 4022 Canonum.

338 4097 380 4160 A.
412 4094 545 4158 Orosius
560 4091 600 4158 de
616 4092 763 4159 Ormestri
780 4091 906 4158 Mundi.

336 4231 378 4296 A.
409 4228 507 4294 Liber
523 4227 699 4292 Claudiani.

337 4367 374 4433 F.
411 4367 582 4432 luvenalis.

339 4504 381 4567 A.
412 4503 587 4567 Ennodius.

340 4639 378 4702 P.
409 4638 587 4702 Terentius

341 4777 381 4840 A.
412 4773 563 4860 Virgilius
579 4771 802 4836 Bucolicorum
817 4780 849 4836 ct
865 4771 1097 4858 Georgicorum
1112 4783 1144 4834 et
1158 4769 1310 4858 Virgilius
1326 4769 1483 4859 Eneydos.

340 4911 387 4978 Η.
415 4909 566 4998 Virgilius
590 4907 814 4972 Bucolicorum
835 4919 867 4972 et
883 4905 1257 4995 Georgicorum-Liber
1280 4905 1378 4972 Marii
1392 4908 1655 4978 onerati-Liber
1671 4911 1824 4982 Prisciani

413 5023 454 5087 de
469 5044 532 5087 xn.
558 5021 842 5087 versibus-Liber
865 5019 1017 5085 Prisciani
1040 5019 1080 5084 da
1107 5019 1387 5088 Nomine-Liber
1410 5021 1569 5090 Macrobii
1588 5025 1621 5092 in
1648 5025 1823 5114 Sompnum

416 5135 583 5220 Scipionis.

341 5271 368 5336 Ι.
413 5271 511 5334 Liber
527 5269 643 5333 Alustii
659 5265 828 5354 (Sallustii)

342 5408 382 5470 A.
415 5404 615 5472 Prudentius.

343 5541 369 5604 Ι.
416 5539 548 5605 Ovidius
563 5538 603 5602 de
621 5539 724 5604 Ponto
740 5540 773 5600 in
787 5557 848 5600 uno
862 5545 1018 5620 quaterno.

873 5708 1203 5774 Brunurcrrounnrn.

339 5854 379 5917 A.
412 5846 667 5914 Benedictionale
683 5845 834 5933 Hugonis
849 5845 1001 5912 Dunelm.
1018 5845 1178 5932 Episcopi.

340 5987 380 6053 B.
411 5983 667 6052 Benedictionale
683 5981 843 6068 Episcopi.
1018 6075 1039 6132 4

1063 6087 1085 6131 n
