4630 7860
766 1076 952 1132 scansus
977 1075 1251 1130 nusnnususrs.
1690 1065 1738 1149 19

81 1362 151 1407 '⁰⁸¹⁰
273 1383 409 1448 “sitavit
429 1383 540 1450 eadem
560 1383 675 1451 femina
698 1386 865 1452 vernaculo
888 1387 1051 1454 idiomate:
1076 1388 1202 1471 “Bone
1225 1385 1490 1473 ΜεΠθ-Ρβθθΐΐ
1518 1403 1740 1474 5⁰⁰P11001‘t·

274 1495 402 1578 Alopes
427 1509 493 1579 gob
518 1495 669 1583 Bircop.''
712 1499 767 1586 qui
788 1498 916 1586 quidem
941 1499 1099 1568 Aldredus
1121 1500 1220 1568 fanus
1238 1513 1285 1568 est
1308 1499 1482 1587 Episcopus
1508 1499 1739 1580 Duuelmeusis,

272 1605 467 1670 armoDoru.
483 1616 556 1674 946.
1362 1621 1372 1640 ⁶

315 1716 481 1784 Hactenus
497 1717 673 1785 Wauleius.

192 1947 249 2017 18.
276 1941 468 2018 Musaeus
484 1967 532 2018 ar
550 1943 744 2019 Misenus
762 1967 836 2018 ouo
854 1943 1013 2043 [ssim]
1599 1999 1602 2004 -

318 2066 428 2132 Habet
441 2067 493 2133 bio
509 2068 621 2133 Codex
637 2068 851 2156 Evangelistas
861 2067 1050 2133 Matthaeum
1065 2079 1097 2134 et
1112 2065 1260 2132 Marcum
1268 2087 1340 2132 cum
1356 2067 1470 2134 Glosst
1484 2068 1640 2134 ordinaris
1655 2081 1687 2134 et
1696 2071 1747 2134 in·

272 2178 438 2242 terlineari.
484 2179 523 2243 In
537 2179 678 2267 margine
688 2179 836 2244 exteriori
849 2177 944 2244 babet
954 2179 1068 2243 alicubi
1082 2179 1205 2244 notulas
1215 2200 1340 2264 paucas,
1356 2177 1483 2242 rimenu
1493 2177 1553 2244 aliis
1564 2179 1746 2264 adscriptas.

317 2290 457 2376 Scriptus
471 2301 518 2354 est
531 2289 760 2376 pulcherrime:
784 2291 907 2356 Textus
921 2291 1048 2377 quidem
1062 2291 1158 2355 literis
1179 2291 1357 2376 majoribus,
1376 2313 1508 2377 querum
1522 2303 1585 2356 tres
1599 2291 1744 2377 pollicem

73 1261 165 1344 Ml.
183 1269 242 1358 17.
266 1277 288 1314 “
301 1270 413 1351 Luce,
426 1283 459 1338 et
471 1271 616 1340 desinens
629 1293 721 1340 versu
735 1277 804 1340 44⁸⁰
819 1275 939 1364 Capitis
953 1275 1009 1348 tltl
1020 1276 1158 1364 ejusdem
1170 1273 1388 1365 evangeliste,
1402 1275 1436 1340 in
1450 1279 1537 1364 cujus
1547 1276 1630 1344 foliis
1642 1279 1740 1366 scn'p-
1867 1365 1873 1376 ·

273 2421 370 2464 unum
384 2401 533 2486 implent3
558 2401 674 2467 Glossa
687 2401 845 2466 ordinaria
858 2402 1041 2480 minoribus,
1057 2401 1261 2466 interlinearis
1282 2401 1419 2466 minutis.
1463 2403 1659 2468 Acuminatae
1673 2415 1746 2470 sunt
1855 2411 1865 2442 ⁸

272 2531 390 2588 omnes,
407 2525 439 2575 et
449 2511 591 2577 accurate
606 2512 685 2575 adeo
698 2511 850 2590 formatae,
866 2499 949 2576 utin
963 2534 1002 2576 eo
1016 2510 1171 2575 scribendi
1185 2533 1300 2598 genere
1313 2511 1391 2574 nihil
1405 2513 1563 2576 venustius
1578 2513 1718 2580 viderim.

316 2621 401 2687 Cum
414 2623 530 2689 habeat
542 2623 727 2688 hodiernam
750 2625 898 2710 Cupitum
913 2623 1153 2700 distinctionem,
1176 2623 1270 2708 idque
1285 2622 1304 2688 ai
1324 2645 1419 2688 manu
1433 2625 1544 2708 primi,
1567 2645 1631 2689 non
1645 2637 1748 2710 potest

271 2755 340 2798 csse
363 2733 520 2821 antiquior
542 2733 684 2822 Hugone
707 2735 875 2800 cardinale
896 2735 983 2799 istius
1005 2734 1163 2798 divisionis
1185 2743 1310 2797 auctore
1333 2735 1400 2813 [ob‘
1428 2741 1545 2815 1260]:
1567 2736 1623 2800 sed
1644 2759 1748 2823 neque

271 2843 373 2910 multd
387 2846 542 2909 recentior
556 2844 688 2908 videtur.
787 2833 796 2848 ⁸

315 2953 354 3018 In
368 2953 443 3018 folio
466 2955 586 3039 primo:
611 2953 683 3017 “de
697 2954 745 3018 cdi
760 2953 886 3042 libraria
900 2953 1051 3018 Dunelr‘ri.
1097 2953 1158 3016 Lib
1182 2953 1235 3017 sei
1251 2953 1381 3016 Cutlrbti
1404 2955 1490 3038 cujus
1514 2977 1587 3019 usus
1602 2954 1746 3020 concedit

270 3065 315 3132 fri
330 3065 437 3133 Robto
450 3067 492 3132 de
508 3066 684 3133 Hexh⁰nr.'’
728 3065 781 3132 De
795 3066 855 3130 hoc
870 3067 937 3130 viro
951 3065 1029 3129 nihil
1044 3077 1238 3150 compertum
1253 3065 1363 3130 habeo.

190 3334 246 3411 19.
276 3326 398 3404 Pmn
417 3328 613 3404 Errsroan
631 3351 838 3402 anossarn.

318 3475 391 3540 Fuit
403 3475 456 3541 hic
471 3475 583 3541 Codex
599 3475 748 3565 Hugonis
764 3475 922 3562 Episcopi,
934 3475 988 3561 qui
1002 3473 1080 3540 obiit
1093 3494 1177 3538 anno
1194 3481 1287 3538 1195.
1332 3473 1375 3538 Et
1387 3473 1633 3540 istedoctissimo
1648 3473 1746 3540 Bent-

272 3585 335 3650 leio
347 3599 459 3652 mutuo
471 3587 563 3652 datus
577 3597 634 3651 est

182 3851 243 3920 20.
273 3845 388 3922 Gurn.
407 3847 600 3965 Berrorns,
627 3845 696 3934 vel,
717 3846 887 3921 Brennum
904 3855 1078 3920 tractatus
1096 3843 1169 3917 duo
1186 3843 1338 3918 metrici.

275 4003 304 4060 l.
327 3997 442 4062 Suras
458 3997 640 4062 Pnouoeos
656 3995 788 4060 Bruma.

330 4106 458 4172 Titrdus
472 4105 524 4170 bic
537 4107 570 4170 in
585 4105 660 4169 folio
673 4104 776 4188 primo
791 4113 838 4168 est
860 4126 879 4168 a
895 4123 991 4168 manu
1011 4123 1077 4166 non
1099 4099 1224 4188 quidem
1246 4099 1372 4177 recenti,
1399 4097 1454 4164 sed
1469 4121 1533 4163 non
1546 4099 1657 4186 primi.
1702 4103 1747 4166 At

375 4215 549 4292 Britonem,
570 4215 620 4280 vel
636 4213 809 4278 Bretonum
823 4214 915 4299 hujus
930 4236 997 4276 esse
1009 4212 1082 4275 libri
1096 4223 1255 4275 auctorem
1269 4221 1420 4274 testantur
1440 4209 1554 4274 Baleus
1568 4223 1600 4275 et
1616 4211 1746 4278 Pitseus.

186 4331 192 4340 “
330 4325 384 4392 sic
398 4325 522 4410 incipit:
547 4332 568 4365 “
581 4323 727 4388 Partibus
737 4321 884 4408 expositis
899 4322 1003 4386 textirs
1019 4343 1101 4384 nova
1115 4342 1191 4385 curs
1203 4319 1375 4407 perangit''
1420 4317 1486 4384 Hic
1495 4341 1601 4384 versus
1612 4321 1747 4386 ostendit

371 4436 488 4500 librum
502 4434 587 4500 hunc
601 4434 751 4520 scriptum
765 4431 859 4498 fuisse
872 4445 945 4518 post
959 4431 1100 4496 Lexicon
1114 4428 1258 4516 proxime
1273 4450 1412 4516 sequens
1459 4427 1568 4494 Partes
1582 4431 1664 4494 enim
1679 4443 1747 4496 tex·

371 4547 423 4612 tts
438 4557 510 4632 sunt
525 4568 602 4632 quas
616 4543 661 4608 ibi
674 4555 765 4608 vocat
787 4541 972 4626 “Difficiles
985 4553 1090 4628 partes
1105 4563 1181 4626 quas
1197 4539 1301 4603 Biblia
1314 4541 1443 4628 gestat.”

257 4723 263 4728 .
333 4657 584 4724 Commentarius
598 4666 647 4720 cst
667 4655 700 4718 in
723 4653 897 4742 Epistulam
913 4651 1103 4740 Hieronymi
1124 4650 1165 4714 ad
1190 4649 1366 4728 Paulinum,
1393 4648 1432 4713 de
1450 4651 1554 4713 Sacrae
1578 4651 1747 4736 Scripturas

259 4841 264 4852 ⁶
371 4768 477 4844 libris3
500 4767 579 4832 etin
593 4765 732 4852 ejusdcm
748 4763 901 4850 Prologus
915 4762 948 4824 in
963 4760 1101 4848 singulos
1123 4759 1219 4822 libros
1243 4759 1389 4824 Biblicos.
1435 4759 1517 4823 Cum
1533 4757 1748 4846 Hieronymus

371 4879 453 4946 nibil
465 4878 614 4965 prefatus
628 4877 668 4942 sit
682 4877 714 4940 in
729 4873 953 4961 Apocalypsin,
976 4873 1089 4958 inejus
1102 4871 1207 4936 locum
1221 4870 1378 4934 substituit
1398 4869 1534 4934 Gilberti
1550 4869 1749 4936 Pictavicnsis

375 4991 545 5058 Introitum
559 4991 593 5054 in
608 4987 822 5074 Apoeulipsin.

332 5103 444 5180 Habet
456 5101 509 5168 hic
530 5111 679 5166 tractatus
694 5097 768 5186 folia
784 5105 855 5162 100.
880 5094 1021 5180 Scriptus
1035 5103 1082 5157 est
1094 5091 1184 5156 lineis
1199 5090 1321 5167 divisis3
1343 5089 1439 5156 literis
1453 5091 1549 5176 paulb
1570 5091 1748 5178 majoribus,

373 5214 482 5292 acutis,
497 5224 529 5278 et
542 5209 623 5276 bene
636 5207 786 5274 formatis.

276 5359 309 5416 9.
332 5349 487 5416 Lnxrcos
503 5347 626 5413 Braura
642 5361 849 5410 inmersus:
873 5341 916 5405 ite
929 5350 1020 5404 vocet
1035 5337 1204 5415 Lelandus,
1219 5358 1292 5422 pag.
1309 5343 1382 5403 857.

332 5461 393 5538 vel,
410 5460 684 5524 Vocsauuaarusr
700 5453 843 5518 Bruma:
866 5461 902 5514 ut
916 5460 1044 5519 vocabar
1058 5470 1077 5510 a
1093 5447 1201 5524 Bnleo,
1216 5467 1289 5532 pag.
1305 5450 1378 5511 set.

289 5575 293 5582 '
331 5571 392 5648 vel,
410 5571 548 5647 Summa,
563 5587 637 5643 var,
654 5564 904 5630 Exsosrrronns
919 5559 1181 5624 Vocanuuoauu
1196 5554 1337 5619 Brsmn:
1360 5552 1403 5616 ita
1418 5551 1493 5617 Pits.
1508 5574 1540 5638 p.
1555 5561 1628 5620 481.

251 5715 255 5724 ·
331 5682 465 5751 Nullum
478 5701 581 5767 neque
597 5675 697 5753 Libri,
712 5695 815 5760 neque
830 5669 976 5738 Auctoris
990 5689 1106 5732 nomen
1114 5666 1320 5732 adscribitur:
1344 5664 1398 5730 sed
1413 5685 1487 5730 eum
1499 5687 1566 5730 esse
1580 5687 1674 5754 quem
1684 5664 1755 5730 dixi

374 5793 545 5860 ostendunt
558 5803 625 5856 tum
639 5787 712 5853 libri
733 5792 968 5874 argumentum
990 5790 1058 5844 tum
1071 5777 1195 5844 initium
1208 5776 1294 5866 quod
1309 5776 1424 5844 leeus
1446 5789 1478 5842 ct
1500 5777 1622 5844 Pitseus
1636 5776 1753 5844 habent

254 5961 258 5968 .
373 5905 458 5970 idem
473 5903 559 5991 quod
572 5902 624 5966 bic
638 5899 771 5988 legitur:
787 5895 852 5961 scil.

376 6025 398 6060 ‘⁶
413 6015 567 6082 Difficiles
581 6011 692 6078 enideo
708 6011 819 6078 Partes
831 6028 909 6094 quas
925 6002 1029 6072 Biblia
1041 6013 1143 6091 gestat

378 6135 400 6172 ‘⁶
416 6125 624 6194 Pmderd'-
848 6111 852 6118 ’
