4630 7860
517 1042 568 1122 40
1039 1015 1197 1110 couicss
1221 1048 1477 1106 usuuscntrrr

274 1253 406 1333 A.III.
422 1264 481 1336 18.
503 1258 537 1328 in
550 1256 694 1348 magius
707 1255 862 1326 exteriore
884 1251 1066 1340 adscriptas,
1091 1254 1188 1326 literis
1202 1255 1350 1331 minutis;
1374 1275 1439 1318 nou
1460 1251 1560 1318 multo
1582 1255 1632 1336 (ut
1647 1248 1782 1332 videtur)
1806 1261 1879 1336 post
1893 1251 1994 1336 ipsam

289 1355 410 1446 dlffi
508 1371 655 1461 glossam.

552 1482 592 1548 In
614 1478 896 1548 suessanorum
918 1476 987 1546 bec
1008 1489 1084 1544 uota
1108 1477 1296 1564 opponitur:
1321 1475 1520 1544 “Sufficiant
1540 1475 1599 1540 laec
1621 1473 1663 1540 ad
1685 1475 1915 1561 expositionem
1930 1475 1995 1542 La·

509 1603 531 1638 “
545 1592 771 1660 menatenam
784 1589 932 1667 Jeremie,
957 1611 1019 1677 que
1043 1589 1083 1654 de
1108 1589 1238 1655 Petrum
1260 1589 1398 1654 mutibus
1420 1588 1510 1654 haum
1531 1611 1592 1676 ego
1613 1587 1700 1676 gitis.
1724 1586 1995 1654 autissiodorensis

509 1713 530 1748 ‘⁴
546 1704 656 1770 Ecclie
679 1702 861 1768 diaeonus.''
907 1701 991 1768 Haec
1011 1723 1089 1790 ergo
1113 1701 1278 1788 Expositio
1301 1703 1334 1766 in
1357 1697 1504 1768 Tbrerma
1528 1706 1613 1788 (quse
1633 1699 1745 1764 aedem
1767 1712 1814 1764 est
1833 1699 1866 1764 iu
1882 1697 1995 1764 Bibliis

507 1814 665 1905 glossatis)
681 1825 841 1880 auctorem
856 1812 953 1878 habet
968 1812 1178 1891 Gilabertum,
1203 1815 1275 1899 (vel,
1292 1825 1327 1878 ut
1340 1813 1431 1878 aliter
1445 1813 1601 1890 scribitur,
1618 1811 1831 1888 Gillibertum,
1855 1811 1926 1876 cod.
1945 1821 1994 1877 19.

506 1926 556 1992 sel
572 1925 767 2008 Gilbertum)
788 1923 1071 2000 Autissiodorensis
1087 1925 1238 1990 Ecclesiae
1253 1925 1444 1992 Diaconum.
1490 1925 1613 1988 Caseus
1635 1935 1740 1988 autern
1754 1923 1788 1986 in
1803 1921 1876 1987 Vol.
1892 1922 1948 1986 2¹¹⁰.
1964 1934 1997 1986 et

507 2035 710 2102 Whartonus
728 2037 762 2100 in
779 2034 922 2100 Historit
940 2033 1170 2120 Episcoporum
1186 2034 1446 2113 Londinensium,
1474 2035 1582 2099 dicunt
1598 2034 1779 2100 Gilbertum
1794 2033 1878 2098 bunc
1900 2032 1997 2097 titisse

504 2131 599 2214 etiam
616 2147 813 2212 Canonicum
828 2145 1085 2234 Lugdunensem,
1101 2158 1133 2212 et
1149 2145 1342 2232 Episcopum
1358 2145 1602 2224 londinensem,
1619 2145 1707 2210 A.D.
1727 2154 1818 2210 1128.
1833 2157 1995 2212 mortuum

503 2281 580 2324 vero
598 2268 692 2325 1184.
738 2257 780 2322 Et
799 2257 926 2345 quidem
944 2257 1092 2344 Florentij
1117 2257 1352 2346 Wigorniensis
1376 2257 1585 2324 Continuator
1600 2256 1654 2342 (ad
1677 2278 1794 2320 annum
1820 2258 1916 2338 1128)
1939 2257 1994 2335 eit,

507 2377 530 2414 ‘⁶
542 2369 751 2446 Gilebertum,
767 2369 955 2457 cognomine
971 2365 1190 2434 Universalem
1205 2367 1263 2450 [ob
1278 2368 1486 2434 eruditionem
1501 2367 1706 2454 multiplicem
1721 2367 1765 2430 ita
1778 2365 1914 2448 dictum]
1932 2367 1994 2432 Ca-

507 2489 529 2526 “
542 2483 692 2547 monicum
706 2480 964 2569 Lugdunensem,
991 2479 1131 2544 Ricardo
1154 2481 1350 2546 londinensi
1366 2481 1526 2566 Episcopo
1548 2481 1755 2568 subrogatum
1777 2479 1902 2544 mbae?
1948 2481 1994 2544 At

505 2607 616 2660 auctor
632 2595 715 2660 Vttae
732 2595 839 2659 Sancti
855 2591 1056 2658 Erlrenwaldi
1079 2592 1230 2678 (Gilberti
1245 2595 1357 2680 nepos)
1381 2594 1433 2671 ait,
1458 2602 1479 2639 ‘⁴
1490 2615 1562 2658 cum
1578 2593 1810 2674 [Gislebertum
1825 2597 1931 2672 uocat]
1954 2591 1994 2658 ab

504 2711 528 2746 “
543 2705 811 2770 Autissiodorensi
827 2703 968 2770 Ecclesit
990 2703 1169 2770 traductum
1184 2703 1278 2770 fluisse
1293 2705 1335 2770 sd
1350 2705 1615 2772 Londinensem.’¹
1660 2705 1759 2786 [Vide
1775 2703 1995 2772 Whartonuro

505 2814 598 2897 ibid]

551 2925 690 2992 Pulchre
713 2926 855 3011 Scriptus
880 2939 928 2990 est
950 2926 1002 2991 hic
1025 2926 1148 3004 Codex,
1178 2926 1275 2990 literis
1297 2929 1491 3006 acuminatis,
1518 2937 1692 2992 atramento
1715 2927 1836 2992 nitenti.
1883 2927 1995 2992 Habet

505 3039 691 3104 hodiernam
708 3039 856 3124 Capitum
871 3039 1112 3114 distinctionem,
1129 3060 1201 3124 quoe
1215 3050 1320 3104 minen
1335 3061 1375 3104 an
1391 3039 1410 3104 d
1424 3039 1525 3125 prime
1540 3061 1637 3102 manu
1651 3039 1692 3102 sit
1706 3037 1896 3104 subdubito:
1920 3040 1995 3126 quia

506 3151 605 3216 literae
619 3151 723 3235 pictae,
745 3149 859 3237 quibus
881 3171 945 3212 non
961 3149 1063 3214 solum
1080 3149 1202 3234 Capita,
1227 3150 1282 3214 sed
1299 3151 1460 3216 Sectiones
1475 3151 1568 3216 etiam
1583 3151 1730 3228 minores,
1747 3150 1993 3240 distinguuntur,

506 3261 539 3324 in
567 3261 715 3348 Capitum
742 3261 837 3326 initiis
856 3281 1083 3348 nonnunquam
1105 3259 1332 3328 desiderantur.
1379 3263 1413 3328 Si
1431 3262 1579 3347 Cupitum
1598 3263 1775 3326 numeratio
1796 3275 1844 3326 est
1865 3285 1885 3326 a
1899 3284 1996 3327 manu

505 3372 618 3458 primi,
637 3371 749 3437 Codex
762 3372 814 3436 hic
829 3393 894 3436 non
908 3383 1011 3458 potest
1026 3395 1093 3436 esso
1108 3394 1192 3438 anno
1210 3381 1294 3440 1260
1308 3375 1409 3438 multo
1427 3374 1596 3438 vetustior:
1620 3385 1652 3438 at
1666 3397 1724 3439 nec
1739 3373 1895 3438 recentior
1908 3373 1996 3438 vide·

506 3493 568 3550 tur.
615 3483 677 3548 Sed
695 3483 822 3551 Scholia
842 3482 1037 3571 marginalia,
1060 3483 1093 3549 in
1108 3483 1272 3548 laudandis
1289 3485 1322 3550 S.
1341 3485 1511 3570 Scripturas
1526 3486 1720 3565 testimoniis,
1744 3499 1932 3572 praesentem
1947 3484 1996 3550 di·

505 3594 657 3658 visionem
673 3605 865 3680 sequuntur:
889 3607 922 3658 at
935 3593 1017 3658 libro
1032 3594 1101 3680 ipso
1115 3593 1211 3681 paulo
1225 3594 1371 3661 videntur
1386 3596 1569 3660 recentiora.

424 3862 480 3939 19.
507 3854 697 3932 Jassssms
714 3879 762 3930 nr
780 3854 935 3932 Tarsam
953 3878 1143 3930 crossum.

551 4004 664 4072 Codex
678 4004 730 4072 bic
744 4003 842 4071 babet
857 4005 1005 4072 Glossam
1020 4005 1212 4072 ordinariam
1223 4019 1255 4072 et
1269 4007 1559 4086 interlinearem&
1574 4007 1706 4074 eandem
1718 4031 1790 4094 quae
1804 4020 1851 4072 est
1865 4007 1898 4072 in
1913 4008 1994 4072 libro

509 4116 681 4204 superiore,
693 4127 801 4182 notem
815 4115 856 4180 de
870 4128 998 4185 auctore
1015 4116 1229 4202 Expositionis
1245 4118 1278 4182 in
1294 4117 1451 4196 Thronos,
1462 4142 1557 4205 quem
1572 4133 1662 4184 vocat
1678 4119 1881 4186 Gillibertum
1898 4120 1994 4186 Altis·

507 4225 697 4293 siodorensis
713 4225 863 4292 Ecclesiae
879 4225 1069 4294 Diaconum.

551 4335 639 4400 Nihil
654 4335 811 4424 singulare
825 4337 858 4400 in
873 4358 912 4400 eo
926 4337 1098 4416 obsonari,
1122 4337 1181 4406 nisi
1196 4337 1282 4425 quod
1296 4336 1507 4424 pulcherrime
1530 4337 1671 4422 Scriptus
1693 4351 1750 4416 est,
1774 4340 1871 4404 literis
1885 4352 1995 4406 rotun-

506 4445 565 4524 dis,
581 4445 673 4510 solito
686 4446 866 4534 majoribus,
882 4459 915 4512 et
928 4445 1073 4514 aceruatd
1087 4445 1244 4514 formatis:
1261 4447 1384 4516 circiter
1398 4447 1537 4516 medium
1557 4449 1625 4511 12111
1642 4449 1756 4528 Seculi,
1772 4449 1914 4538 adeoque
1928 4473 1993 4516 non

505 4555 606 4622 multo
619 4569 692 4644 post
706 4557 808 4642 ipsum
825 4557 1015 4627 Gilbertum.

551 4666 590 4732 In
604 4665 707 4732 frome
722 4667 812 4732 libri:
838 4678 859 4712 ‘⁶
869 4669 941 4734 Lib.
959 4670 1007 4736 so
1024 4668 1157 4738 Cuthbti
1179 4671 1219 4742 de
1235 4671 1349 4740 Donto
1362 4671 1404 4738 de
1424 4670 1511 4738 dono
1527 4669 1616 4757 Mfiri
1633 4671 1705 4738 sos
1727 4671 1768 4742 de
1783 4672 1993 4763 Adington‘.”

507 4777 561 4844 De
575 4801 614 4844 eo
628 4779 699 4844 vide
714 4801 809 4866 supra
825 4779 906 4846 cod.
923 4788 954 4846 2.

422 5045 482 5114 20.
507 5039 697 5118 Jansmms
715 5064 917 5116 onossrus.

551 5185 692 5252 Exhibet
705 5187 757 5252 hic
774 5187 886 5253 Codex
902 5187 1051 5254 Glossam
1066 5189 1260 5255 ordinariam
1275 5201 1307 5256 et
1320 5191 1562 5256 interlinearem.

551 5298 689 5366 Pulchre
704 5299 838 5386 scriptus
853 5311 910 5378 est,
933 5299 1030 5366 literis
1045 5303 1246 5380 acuminatis;
1270 5301 1326 5366 sed
1339 5295 1380 5366 ab
1394 5300 1527 5366 humore
1546 5302 1590 5366 ita
1604 5315 1772 5392 corruptus
1793 5315 1826 5370 et
1839 5303 1995 5372 deforma-

506 5421 557 5473 tus
571 5422 628 5487 est,
645 5424 680 5474 ut
693 5411 773 5478 nulli
787 5433 868 5498 pene
877 5413 947 5477 usui
962 5435 1029 5478 esse
1044 5415 1152 5500 possit.
1192 5413 1266 5478 Non
1280 5413 1376 5480 habet
1387 5413 1535 5502 Capitium
1544 5413 1776 5482 distinctionem
1787 5413 1993 5492 hodiernam

506 5519 612 5604 itaque
626 5523 776 5586 vetustior
790 5523 914 5587 videtur
928 5545 1012 5589 anno
1030 5533 1123 5592 1260.

551 5628 675 5695 Threni
688 5631 722 5696 in
736 5631 798 5699 hoc
812 5633 894 5698 libro
909 5635 1032 5714 desunt.

422 5899 482 5968 21.
509 5897 543 5966 l.
562 5887 749 5964 Posmma
767 5917 885 5968 surra
903 5893 1087 5986 Casmcs,
1107 5897 1355 5986 Summas,
1373 5923 1421 5974 ar
1439 5899 1782 5978 Eccunsmssrcum.

553 6037 618 6103 Iste
630 6037 739 6104 titulus
760 6038 843 6104 libro
865 6041 1050 6130 praefigitur.
1096 6041 1170 6108 Fuit
1184 6055 1288 6112 autem
1313 6042 1425 6112 Codex
1446 6045 1499 6112 hic
1519 6046 1595 6111 olim
1617 6043 1718 6111 matlto
1739 6042 1874 6132 amplior
1897 6065 1993 6131 quam

508 6172 593 6220 namo
607 6162 671 6232 est;
693 6149 960 6239 complectebatur
981 6153 1065 6219 enim
1086 6151 1215 6235 Jobum,
1238 6167 1271 6222 et
1292 6178 1402 6224 omnes
1424 6156 1521 6264 libros
1545 6157 1735 6226 Solomonis.
1778 6155 1874 6224 Ntmc
1889 6166 1995 6224 autem
