<?xml version="1.0" encoding="UTF-8"?>
<!DOCTYPE html PUBLIC "-//W3C//DTD XHTML 1.0 Transitional//EN"
    "http://www.w3.org/TR/xhtml1/DTD/xhtml1-transitional.dtd">
<html xmlns="http://www.w3.org/1999/xhtml" xml:lang="en" lang="en">
 <head>
  <title>
</title>
<meta http-equiv="Content-Type" content="text/html;charset=utf-8" />
  <meta name='ocr-system' content='tesseract 3.04.00' />
  <meta name='ocr-capabilities' content='ocr_page ocr_carea ocr_par ocr_line ocrx_word'/>
</head>
<body>
  <div class='ocr_page' id='page_1' title='image "./codicummanuscri00librgoog/codicummanuscri00librgoog_0132.png"; bbox 0 0 4650 7852; ppageno 0'>
   <div class='ocr_carea' id='block_1_1' title="bbox 493 1137 1477 1206">
    <p class='ocr_par' dir='ltr' id='par_1_1' title="bbox 493 1137 1477 1206">
     <span class='ocr_line' id='line_1_1' title="bbox 493 1137 1477 1206; baseline -0.011 -1"><span class='ocrx_word' id='word_1_1' title='bbox 493 1137 563 1206; x_wconf 84' lang='lat'><strong>118</strong></span> <span class='ocrx_word' id='word_1_2' title='bbox 1041 1147 1198 1200; x_wconf 85' lang='lat' dir='ltr'><strong>comens</strong></span> <span class='ocrx_word' id='word_1_3' title='bbox 1223 1143 1477 1198; x_wconf 76' lang='lat' dir='ltr'><strong>unuuscarrrr</strong></span> 
     </span>
    </p>
   </div>
   <div class='ocr_carea' id='block_1_2' title="bbox 296 1340 2000 1758">
    <p class='ocr_par' dir='ltr' id='par_1_2' title="bbox 296 1340 2000 1524">
     <span class='ocr_line' id='line_1_2' title="bbox 296 1340 2000 1438; baseline -0.006 -22"><span class='ocrx_word' id='word_1_4' title='bbox 296 1349 340 1426; x_wconf 89' lang='lat' dir='ltr'><strong>B.</strong></span> <span class='ocrx_word' id='word_1_5' title='bbox 358 1349 412 1426; x_wconf 87' lang='lat' dir='ltr'><strong>II.</strong></span> <span class='ocrx_word' id='word_1_6' title='bbox 429 1357 489 1427; x_wconf 69' lang='lat'><strong>20,</strong></span> <span class='ocrx_word' id='word_1_7' title='bbox 613 1350 729 1438; x_wconf 83' lang='lat' dir='ltr'><strong>figitur.</strong></span> <span class='ocrx_word' id='word_1_8' title='bbox 776 1345 865 1412; x_wconf 74' lang='lat' dir='ltr'><strong>Male</strong></span> <span class='ocrx_word' id='word_1_9' title='bbox 879 1357 1012 1410; x_wconf 81' lang='lat' dir='ltr'><strong>vocatur</strong></span> <span class='ocrx_word' id='word_1_10' title='bbox 1033 1346 1066 1410; x_wconf 88' lang='lat' dir='ltr'><strong>in</strong></span> <span class='ocrx_word' id='word_1_11' title='bbox 1092 1369 1215 1412; x_wconf 86' lang='lat' dir='ltr'><strong>summo</strong></span> <span class='ocrx_word' id='word_1_12' title='bbox 1229 1347 1314 1424; x_wconf 84' lang='lat' dir='ltr'><strong>folio,</strong></span> <span class='ocrx_word' id='word_1_13' title='bbox 1337 1358 1370 1410; x_wconf 91' lang='lat' dir='ltr'><strong>et</strong></span> <span class='ocrx_word' id='word_1_14' title='bbox 1383 1345 1417 1408; x_wconf 91' lang='lat' dir='ltr'><strong>in</strong></span> <span class='ocrx_word' id='word_1_15' title='bbox 1431 1340 1578 1436; x_wconf 77' lang='lat' dir='ltr'><strong>indiculo</strong></span> <span class='ocrx_word' id='word_1_16' title='bbox 1591 1341 1647 1428; x_wconf 91' lang='lat' dir='ltr'><strong>qui</strong></span> <span class='ocrx_word' id='word_1_17' title='bbox 1661 1341 1695 1405; x_wconf 89' lang='lat' dir='ltr'><strong>iu</strong></span> <span class='ocrx_word' id='word_1_18' title='bbox 1709 1341 1774 1406; x_wconf 87' lang='lat' dir='ltr'><strong>fine</strong></span> <span class='ocrx_word' id='word_1_19' title='bbox 1788 1341 1942 1428; x_wconf 83' lang='lat' dir='ltr'><strong>adjicitur,</strong></span> <span class='ocrx_word' id='word_1_20' title='bbox 1957 1341 2000 1406; x_wconf 84' lang='lat' dir='ltr'><strong>de</strong></span> 
     </span>
     <span class='ocr_line' id='line_1_3' title="bbox 309 1445 838 1524; baseline -0.006 1"><span class='ocrx_word' id='word_1_21' title='bbox 309 1445 400 1490; x_wconf 61' lang='lat'><strong>&#39;⁰²¹⁰‘</strong></span> <span class='ocrx_word' id='word_1_22' title='bbox 619 1457 730 1524; x_wconf 75' lang='lat' dir='ltr'><strong>naturai</strong></span> <span class='ocrx_word' id='word_1_23' title='bbox 746 1457 838 1523; x_wconf 78' lang='lat' dir='ltr'><strong>bona.</strong></span> 
     </span>
    </p>

    <p class='ocr_par' dir='ltr' id='par_1_3' title="bbox 578 1563 1776 1655">
     <span class='ocr_line' id='line_1_4' title="bbox 578 1563 1776 1655; baseline -0.008 -18"><span class='ocrx_word' id='word_1_24' title='bbox 578 1571 631 1637; x_wconf 88' lang='lat' dir='ltr'><strong>Sic</strong></span> <span class='ocrx_word' id='word_1_25' title='bbox 645 1569 771 1654; x_wconf 88' lang='lat' dir='ltr'><strong>incipit:</strong></span> <span class='ocrx_word' id='word_1_26' title='bbox 795 1577 817 1610; x_wconf 90' lang='lat'>“</span> <span class='ocrx_word' id='word_1_27' title='bbox 830 1568 994 1634; x_wconf 88' lang='lat' dir='ltr'><strong>Summum</strong></span> <span class='ocrx_word' id='word_1_28' title='bbox 1008 1568 1127 1632; x_wconf 89' lang='lat' dir='ltr'><strong>bonum</strong></span> <span class='ocrx_word' id='word_1_29' title='bbox 1142 1589 1206 1655; x_wconf 91' lang='lat' dir='ltr'><strong>quo</strong></span> <span class='ocrx_word' id='word_1_30' title='bbox 1221 1567 1362 1653; x_wconf 85' lang='lat' dir='ltr'><strong>superius</strong></span> <span class='ocrx_word' id='word_1_31' title='bbox 1377 1563 1474 1630; x_wconf 78' lang='lat' dir='ltr'><strong>nichil</strong></span> <span class='ocrx_word' id='word_1_32' title='bbox 1488 1575 1544 1643; x_wconf 83' lang='lat' dir='ltr'><strong>est,</strong></span> <span class='ocrx_word' id='word_1_33' title='bbox 1561 1563 1651 1629; x_wconf 87' lang='lat' dir='ltr'><strong>Deus</strong></span> <span class='ocrx_word' id='word_1_34' title='bbox 1665 1567 1776 1628; x_wconf 88' lang='lat' dir='ltr'><strong>est”-</strong></span> 
     </span>
    </p>

    <p class='ocr_par' dir='ltr' id='par_1_4' title="bbox 578 1677 1106 1758">
     <span class='ocr_line' id='line_1_5' title="bbox 578 1677 1106 1758; baseline -0.008 -12"><span class='ocrx_word' id='word_1_35' title='bbox 578 1681 662 1746; x_wconf 83' lang='lat' dir='ltr'><strong>Vide</strong></span> <span class='ocrx_word' id='word_1_36' title='bbox 676 1679 767 1758; x_wconf 75' lang='lat' dir='ltr'><strong>inii-a,</strong></span> <span class='ocrx_word' id='word_1_37' title='bbox 785 1677 865 1744; x_wconf 86' lang='lat' dir='ltr'><strong>cod.</strong></span> <span class='ocrx_word' id='word_1_38' title='bbox 881 1687 933 1744; x_wconf 76' lang='grc'><strong>39.</strong></span> <span class='ocrx_word' id='word_1_39' title='bbox 949 1689 1038 1742; x_wconf 85' lang='lat' dir='ltr'><strong>tract.</strong></span> <span class='ocrx_word' id='word_1_40' title='bbox 1053 1685 1106 1742; x_wconf 73' lang='grc'><strong>31.</strong></span> 
     </span>
    </p>
   </div>
   <div class='ocr_carea' id='block_1_3' title="bbox 502 1835 2005 2366">
    <p class='ocr_par' dir='ltr' id='par_1_5' title="bbox 502 1835 2005 2366">
     <span class='ocr_line' id='line_1_6' title="bbox 502 1835 1612 1910; baseline -0.01 0"><span class='ocrx_word' id='word_1_41' title='bbox 502 1853 553 1910; x_wconf 87' lang='grc' dir='ltr'><strong>3ο.</strong></span> <span class='ocrx_word' id='word_1_42' title='bbox 577 1844 734 1908; x_wconf 73' lang='lat' dir='ltr'><strong>Auram:</strong></span> <span class='ocrx_word' id='word_1_43' title='bbox 749 1841 946 1904; x_wconf 81' lang='lat' dir='ltr'><strong>Aucusrnu</strong></span> <span class='ocrx_word' id='word_1_44' title='bbox 963 1855 1007 1900; x_wconf 83' lang='lat' dir='ltr'><strong>na</strong></span> <span class='ocrx_word' id='word_1_45' title='bbox 1024 1835 1201 1900; x_wconf 77' lang='lat' dir='ltr'><strong>Barrrsuo</strong></span> <span class='ocrx_word' id='word_1_46' title='bbox 1215 1835 1456 1900; x_wconf 78' lang='lat' dir='ltr'><strong>Pnavunoauu</strong></span> <span class='ocrx_word' id='word_1_47' title='bbox 1471 1853 1565 1899; x_wconf 82' lang='lat' dir='ltr'><strong>marn</strong></span> <span class='ocrx_word' id='word_1_48' title='bbox 1581 1843 1612 1899; x_wconf 81' lang='grc'><strong>3.</strong></span> 
     </span>
     <span class='ocr_line' id='line_1_7' title="bbox 582 1945 1735 2036; baseline -0.01 -17"><span class='ocrx_word' id='word_1_49' title='bbox 582 1953 635 2019; x_wconf 88' lang='lat' dir='ltr'><strong>Sic</strong></span> <span class='ocrx_word' id='word_1_50' title='bbox 648 1950 817 2036; x_wconf 86' lang='lat' dir='ltr'><strong>incipiunt:</strong></span> <span class='ocrx_word' id='word_1_51' title='bbox 842 1946 1029 2024; x_wconf 84' lang='lat' dir='ltr'><strong>“Quamvis</strong></span> <span class='ocrx_word' id='word_1_52' title='bbox 1044 1945 1077 2010; x_wconf 88' lang='lat' dir='ltr'><strong>in</strong></span> <span class='ocrx_word' id='word_1_53' title='bbox 1091 1945 1202 2010; x_wconf 89' lang='lat' dir='ltr'><strong>mediis</strong></span> <span class='ocrx_word' id='word_1_54' title='bbox 1217 1957 1248 2010; x_wconf 90' lang='lat' dir='ltr'><strong>et</strong></span> <span class='ocrx_word' id='word_1_55' title='bbox 1261 1947 1384 2034; x_wconf 88' lang='lat' dir='ltr'><strong>magnis</strong></span> <span class='ocrx_word' id='word_1_56' title='bbox 1394 1967 1541 2010; x_wconf 87' lang='lat' dir='ltr'><strong>curarum</strong></span> <span class='ocrx_word' id='word_1_57' title='bbox 1555 1945 1735 2009; x_wconf 78' lang='lat' dir='ltr'><strong>artibus”-</strong></span> 
     </span>
     <span class='ocr_line' id='line_1_8' title="bbox 583 2055 2004 2141; baseline -0.007 -14"><span class='ocrx_word' id='word_1_58' title='bbox 583 2063 623 2126; x_wconf 92' lang='lat' dir='ltr'><strong>In</strong></span> <span class='ocrx_word' id='word_1_59' title='bbox 637 2061 728 2126; x_wconf 87' lang='lat' dir='ltr'><strong>editis</strong></span> <span class='ocrx_word' id='word_1_60' title='bbox 743 2060 830 2124; x_wconf 87' lang='lat' dir='ltr'><strong>libris</strong></span> <span class='ocrx_word' id='word_1_61' title='bbox 853 2058 960 2122; x_wconf 89' lang='lat' dir='ltr'><strong>titulus</strong></span> <span class='ocrx_word' id='word_1_62' title='bbox 982 2070 1038 2135; x_wconf 83' lang='lat' dir='ltr'><strong>est,</strong></span> <span class='ocrx_word' id='word_1_63' title='bbox 1063 2055 1104 2120; x_wconf 89' lang='lat' dir='ltr'><strong>de</strong></span> <span class='ocrx_word' id='word_1_64' title='bbox 1126 2057 1331 2121; x_wconf 88' lang='lat' dir='ltr'><strong>Peccatorum</strong></span> <span class='ocrx_word' id='word_1_65' title='bbox 1353 2055 1481 2133; x_wconf 87' lang='lat' dir='ltr'><strong>meritis,</strong></span> <span class='ocrx_word' id='word_1_66' title='bbox 1506 2069 1538 2120; x_wconf 91' lang='lat' dir='ltr'><strong>et</strong></span> <span class='ocrx_word' id='word_1_67' title='bbox 1563 2056 1768 2134; x_wconf 63' lang='lat' dir='ltr'><strong>Remissione</strong></span> <span class='ocrx_word' id='word_1_68' title='bbox 1793 2068 1825 2119; x_wconf 91' lang='lat' dir='ltr'><strong>et</strong></span> <span class='ocrx_word' id='word_1_69' title='bbox 1841 2055 2004 2141; x_wconf 74' lang='lat' dir='ltr'><strong>baptismo</strong></span> 
     </span>
     <span class='ocr_line' id='line_1_9' title="bbox 626 2163 2005 2258; baseline -0.006 -21"><span class='ocrx_word' id='word_1_70' title='bbox 626 2172 839 2258; x_wconf 67' lang='lat' dir='ltr'><strong>paruulorum,</strong></span> <span class='ocrx_word' id='word_1_71' title='bbox 863 2170 935 2234; x_wconf 93' lang='lat' dir='ltr'><strong>libri</strong></span> <span class='ocrx_word' id='word_1_72' title='bbox 959 2179 988 2234; x_wconf 95' lang='grc'><strong>3.</strong></span> <span class='ocrx_word' id='word_1_73' title='bbox 1043 2170 1088 2232; x_wconf 90' lang='lat' dir='ltr'><strong>At</strong></span> <span class='ocrx_word' id='word_1_74' title='bbox 1108 2167 1161 2232; x_wconf 90' lang='lat' dir='ltr'><strong>hic</strong></span> <span class='ocrx_word' id='word_1_75' title='bbox 1185 2181 1306 2231; x_wconf 82' lang='lat' dir='ltr'><strong>tantum</strong></span> <span class='ocrx_word' id='word_1_76' title='bbox 1321 2167 1385 2232; x_wconf 91' lang='lat' dir='ltr'><strong>duo</strong></span> <span class='ocrx_word' id='word_1_77' title='bbox 1407 2179 1480 2232; x_wconf 89' lang='lat' dir='ltr'><strong>sunt</strong></span> <span class='ocrx_word' id='word_1_78' title='bbox 1500 2167 1590 2245; x_wconf 77' lang='lat' dir='ltr'><strong>libri:</strong></span> <span class='ocrx_word' id='word_1_79' title='bbox 1614 2168 1723 2232; x_wconf 85' lang='lat' dir='ltr'><strong>tertius</strong></span> <span class='ocrx_word' id='word_1_80' title='bbox 1745 2179 1792 2232; x_wconf 88' lang='lat' dir='ltr'><strong>est</strong></span> <span class='ocrx_word' id='word_1_81' title='bbox 1807 2165 1949 2254; x_wconf 73' lang='lat' dir='ltr'><strong>Epistola</strong></span> <span class='ocrx_word' id='word_1_82' title='bbox 1963 2163 2005 2229; x_wconf 86' lang='lat' dir='ltr'><strong>ad</strong></span> 
     </span>
     <span class='ocr_line' id='line_1_10' title="bbox 629 2279 1374 2366; baseline -0.003 -20"><span class='ocrx_word' id='word_1_83' title='bbox 629 2282 862 2358; x_wconf 88' lang='lat' dir='ltr'><strong>Marcellinum,</strong></span> <span class='ocrx_word' id='word_1_84' title='bbox 878 2301 951 2366; x_wconf 82' lang='lat' dir='ltr'><strong>quoe</strong></span> <span class='ocrx_word' id='word_1_85' title='bbox 964 2301 1040 2343; x_wconf 86' lang='lat' dir='ltr'><strong>mox</strong></span> <span class='ocrx_word' id='word_1_86' title='bbox 1054 2279 1204 2366; x_wconf 90' lang='lat' dir='ltr'><strong>sequitur,</strong></span> <span class='ocrx_word' id='word_1_87' title='bbox 1220 2301 1306 2344; x_wconf 87' lang='lat' dir='ltr'><strong>num.</strong></span> <span class='ocrx_word' id='word_1_88' title='bbox 1323 2287 1374 2344; x_wconf 78' lang='grc'><strong>33.</strong></span> 
     </span>
    </p>
   </div>
   <div class='ocr_carea' id='block_1_4' title="bbox 508 2439 1757 2752">
    <p class='ocr_par' dir='ltr' id='par_1_6' title="bbox 508 2439 1757 2752">
     <span class='ocr_line' id='line_1_11' title="bbox 508 2439 1090 2512; baseline -0.012 -1"><span class='ocrx_word' id='word_1_89' title='bbox 508 2453 559 2512; x_wconf 88' lang='grc'><strong>31.</strong></span> <span class='ocrx_word' id='word_1_90' title='bbox 582 2443 695 2508; x_wconf 77' lang='lat' dir='ltr'><strong>Lmen</strong></span> <span class='ocrx_word' id='word_1_91' title='bbox 711 2463 754 2506; x_wconf 77' lang='lat' dir='ltr'><strong>nr</strong></span> <span class='ocrx_word' id='word_1_92' title='bbox 771 2441 886 2506; x_wconf 81' lang='lat' dir='ltr'><strong>Unrco</strong></span> <span class='ocrx_word' id='word_1_93' title='bbox 903 2439 1090 2505; x_wconf 81' lang='lat' dir='ltr'><strong>Bnrrrsuo.</strong></span> 
     </span>
     <span class='ocr_line' id='line_1_12' title="bbox 590 2551 1468 2637; baseline -0.001 -20"><span class='ocrx_word' id='word_1_94' title='bbox 590 2555 642 2617; x_wconf 91' lang='lat' dir='ltr'><strong>Sic</strong></span> <span class='ocrx_word' id='word_1_95' title='bbox 657 2553 784 2637; x_wconf 87' lang='lat' dir='ltr'><strong>incipit:</strong></span> <span class='ocrx_word' id='word_1_96' title='bbox 809 2559 831 2592; x_wconf 77' lang='lat'><strong>‘⁴</strong></span> <span class='ocrx_word' id='word_1_97' title='bbox 845 2551 1050 2636; x_wconf 84' lang='lat' dir='ltr'><strong>Respondere</strong></span> <span class='ocrx_word' id='word_1_98' title='bbox 1064 2551 1187 2617; x_wconf 88' lang='lat' dir='ltr'><strong>diversa</strong></span> <span class='ocrx_word' id='word_1_99' title='bbox 1200 2552 1468 2617; x_wconf 87' lang='lat' dir='ltr'><strong>sentientibus”-</strong></span> 
     </span>
     <span class='ocr_line' id='line_1_13' title="bbox 587 2659 1757 2752; baseline -0.002 -24"><span class='ocrx_word' id='word_1_100' title='bbox 587 2663 792 2728; x_wconf 86' lang='lat' dir='ltr'><strong>Praemittitur</strong></span> <span class='ocrx_word' id='word_1_101' title='bbox 806 2661 977 2752; x_wconf 76' lang='lat' dir='ltr'><strong>Augustini</strong></span> <span class='ocrx_word' id='word_1_102' title='bbox 990 2661 1031 2726; x_wconf 90' lang='lat' dir='ltr'><strong>de</strong></span> <span class='ocrx_word' id='word_1_103' title='bbox 1045 2659 1107 2726; x_wconf 91' lang='lat' dir='ltr'><strong>hoc</strong></span> <span class='ocrx_word' id='word_1_104' title='bbox 1120 2661 1203 2726; x_wconf 90' lang='lat' dir='ltr'><strong>libro</strong></span> <span class='ocrx_word' id='word_1_105' title='bbox 1219 2663 1389 2741; x_wconf 88' lang='lat' dir='ltr'><strong>Sententia,</strong></span> <span class='ocrx_word' id='word_1_106' title='bbox 1406 2685 1447 2728; x_wconf 84' lang='lat' dir='ltr'><strong>ex</strong></span> <span class='ocrx_word' id='word_1_107' title='bbox 1464 2661 1757 2728; x_wconf 71' lang='lat' dir='ltr'><strong>Retractmionibus.</strong></span> 
     </span>
    </p>
   </div>
   <div class='ocr_carea' id='block_1_5' title="bbox 509 2821 2013 4265">
    <p class='ocr_par' dir='ltr' id='par_1_7' title="bbox 509 2821 1431 2889">
     <span class='ocr_line' id='line_1_14' title="bbox 509 2821 1431 2889; baseline -0.004 0"><span class='ocrx_word' id='word_1_108' title='bbox 509 2831 561 2889; x_wconf 78' lang='lat'><strong>32.</strong></span> <span class='ocrx_word' id='word_1_109' title='bbox 585 2821 754 2889; x_wconf 74' lang='lat' dir='ltr'><strong>Errsroan</strong></span> <span class='ocrx_word' id='word_1_110' title='bbox 768 2841 868 2886; x_wconf 79' lang='lat' dir='ltr'><strong>aanrr</strong></span> <span class='ocrx_word' id='word_1_111' title='bbox 885 2822 1081 2886; x_wconf 81' lang='lat' dir='ltr'><strong>Auousrrur</strong></span> <span class='ocrx_word' id='word_1_112' title='bbox 1098 2843 1142 2886; x_wconf 84' lang='lat' dir='ltr'><strong>no</strong></span> <span class='ocrx_word' id='word_1_113' title='bbox 1159 2821 1431 2887; x_wconf 79' lang='lat' dir='ltr'><strong>Mnaeamrnusr.</strong></span> 
     </span>
    </p>

    <p class='ocr_par' dir='ltr' id='par_1_8' title="bbox 588 2931 1609 3018">
     <span class='ocr_line' id='line_1_15' title="bbox 588 2931 1609 3018; baseline -0.004 -18"><span class='ocrx_word' id='word_1_114' title='bbox 588 2936 641 3000; x_wconf 90' lang='lat' dir='ltr'><strong>Sic</strong></span> <span class='ocrx_word' id='word_1_115' title='bbox 655 2935 782 3018; x_wconf 86' lang='lat' dir='ltr'><strong>incipit:</strong></span> <span class='ocrx_word' id='word_1_116' title='bbox 807 2941 829 2974; x_wconf 81' lang='lat'><strong>‘⁴</strong></span> <span class='ocrx_word' id='word_1_117' title='bbox 840 2932 893 2996; x_wconf 88' lang='lat' dir='ltr'><strong>De</strong></span> <span class='ocrx_word' id='word_1_118' title='bbox 907 2931 1120 3018; x_wconf 83' lang='lat' dir='ltr'><strong>questionibus</strong></span> <span class='ocrx_word' id='word_1_119' title='bbox 1135 2953 1213 3017; x_wconf 87' lang='lat' dir='ltr'><strong>quas</strong></span> <span class='ocrx_word' id='word_1_120' title='bbox 1229 2932 1323 2996; x_wconf 91' lang='lat' dir='ltr'><strong>michi</strong></span> <span class='ocrx_word' id='word_1_121' title='bbox 1337 2933 1609 3016; x_wconf 86' lang='lat' dir='ltr'><strong>proposueras&#39;&#39;-</strong></span> 
     </span>
    </p>

    <p class='ocr_par' dir='ltr' id='par_1_9' title="bbox 588 3041 1640 3132">
     <span class='ocr_line' id='line_1_16' title="bbox 588 3041 1640 3132; baseline -0.006 -22"><span class='ocrx_word' id='word_1_122' title='bbox 588 3045 648 3110; x_wconf 86' lang='lat' dir='ltr'><strong>Est</strong></span> <span class='ocrx_word' id='word_1_123' title='bbox 663 3051 821 3132; x_wconf 88' lang='lat' dir='ltr'><strong>(utsupra</strong></span> <span class='ocrx_word' id='word_1_124' title='bbox 833 3043 956 3124; x_wconf 91' lang='lat' dir='ltr'><strong>monui)</strong></span> <span class='ocrx_word' id='word_1_125' title='bbox 971 3043 1079 3106; x_wconf 84' lang='lat' dir='ltr'><strong>tertius</strong></span> <span class='ocrx_word' id='word_1_126' title='bbox 1094 3042 1173 3107; x_wconf 92' lang='lat' dir='ltr'><strong>liber</strong></span> <span class='ocrx_word' id='word_1_127' title='bbox 1187 3042 1228 3106; x_wconf 92' lang='lat' dir='ltr'><strong>de</strong></span> <span class='ocrx_word' id='word_1_128' title='bbox 1244 3041 1407 3128; x_wconf 90' lang='lat' dir='ltr'><strong>Baptismo</strong></span> <span class='ocrx_word' id='word_1_129' title='bbox 1423 3043 1640 3108; x_wconf 88' lang='lat' dir='ltr'><strong>Parvulorum.</strong></span> 
     </span>
    </p>

    <p class='ocr_par' dir='ltr' id='par_1_10' title="bbox 589 3173 2012 3708">
     <span class='ocr_line' id='line_1_17' title="bbox 589 3173 2009 3264; baseline -0.005 -19"><span class='ocrx_word' id='word_1_130' title='bbox 589 3182 626 3246; x_wconf 91' lang='lat' dir='ltr'><strong>ln</strong></span> <span class='ocrx_word' id='word_1_131' title='bbox 650 3181 713 3244; x_wconf 90' lang='lat' dir='ltr'><strong>fine</strong></span> <span class='ocrx_word' id='word_1_132' title='bbox 735 3179 807 3244; x_wconf 92' lang='lat' dir='ltr'><strong>libri</strong></span> <span class='ocrx_word' id='word_1_133' title='bbox 829 3178 973 3264; x_wconf 86' lang='lat' dir='ltr'><strong>adjicitur</strong></span> <span class='ocrx_word' id='word_1_134' title='bbox 998 3183 1031 3263; x_wconf 90' lang='lat' dir='ltr'><strong>(a</strong></span> <span class='ocrx_word' id='word_1_135' title='bbox 1052 3179 1152 3264; x_wconf 75' lang='lat' dir='ltr'><strong>primi</strong></span> <span class='ocrx_word' id='word_1_136' title='bbox 1168 3181 1277 3260; x_wconf 87' lang='lat' dir='ltr'><strong>nmnu)</strong></span> <span class='ocrx_word' id='word_1_137' title='bbox 1304 3177 1466 3244; x_wconf 90' lang='lat' dir='ltr'><strong>Indiculus</strong></span> <span class='ocrx_word' id='word_1_138' title='bbox 1481 3177 1688 3242; x_wconf 85' lang='lat' dir='ltr'><strong>Tractatuum</strong></span> <span class='ocrx_word' id='word_1_139' title='bbox 1709 3176 1742 3238; x_wconf 93' lang='lat' dir='ltr'><strong>in</strong></span> <span class='ocrx_word' id='word_1_140' title='bbox 1764 3173 1825 3238; x_wconf 88' lang='lat' dir='ltr'><strong>hoc</strong></span> <span class='ocrx_word' id='word_1_141' title='bbox 1841 3175 2009 3238; x_wconf 79' lang='lat' dir='ltr'><strong>Volumina</strong></span> 
     </span>
     <span class='ocr_line' id='line_1_18' title="bbox 631 3286 2012 3370; baseline -0.006 -14"><span class='ocrx_word' id='word_1_142' title='bbox 631 3301 869 3356; x_wconf 87' lang='lat' dir='ltr'><strong>contentorum:</strong></span> <span class='ocrx_word' id='word_1_143' title='bbox 893 3301 924 3352; x_wconf 90' lang='lat' dir='ltr'><strong>et</strong></span> <span class='ocrx_word' id='word_1_144' title='bbox 940 3287 1025 3352; x_wconf 91' lang='lat' dir='ltr'><strong>Nota</strong></span> <span class='ocrx_word' id='word_1_145' title='bbox 1043 3287 1128 3364; x_wconf 78' lang='lat' dir='ltr'><strong>haec:</strong></span> <span class='ocrx_word' id='word_1_146' title='bbox 1154 3289 1283 3352; x_wconf 90' lang='lat' dir='ltr'><strong>“Liber</strong></span> <span class='ocrx_word' id='word_1_147' title='bbox 1307 3287 1507 3353; x_wconf 67' lang='lat' dir='ltr'><strong>serenanti</strong></span> <span class='ocrx_word' id='word_1_148' title='bbox 1532 3288 1572 3352; x_wconf 91' lang='lat' dir='ltr'><strong>de</strong></span> <span class='ocrx_word' id='word_1_149' title='bbox 1588 3287 1738 3352; x_wconf 90' lang='lat' dir='ltr'><strong>Dunelm.</strong></span> <span class='ocrx_word' id='word_1_150' title='bbox 1761 3309 1802 3350; x_wconf 89' lang='lat' dir='ltr'><strong>ex</strong></span> <span class='ocrx_word' id='word_1_151' title='bbox 1823 3286 2012 3370; x_wconf 86' lang='lat' dir='ltr'><strong>pcuracione</strong></span> 
     </span>
     <span class='ocr_line' id='line_1_19' title="bbox 630 3397 2012 3486; baseline -0.003 -22"><span class='ocrx_word' id='word_1_152' title='bbox 630 3399 688 3464; x_wconf 80' lang='lat' dir='ltr'><strong>iiis</strong></span> <span class='ocrx_word' id='word_1_153' title='bbox 707 3400 803 3464; x_wconf 84' lang='lat' dir='ltr'><strong>Robti</strong></span> <span class='ocrx_word' id='word_1_154' title='bbox 817 3399 857 3463; x_wconf 86' lang='lat' dir='ltr'><strong>de</strong></span> <span class='ocrx_word' id='word_1_155' title='bbox 873 3399 1062 3486; x_wconf 81' lang='lat' dir='ltr'><strong>Graystari.’&#39;</strong></span> <span class='ocrx_word' id='word_1_156' title='bbox 1108 3399 1203 3464; x_wconf 89' lang='lat' dir='ltr'><strong>Unde</strong></span> <span class='ocrx_word' id='word_1_157' title='bbox 1218 3399 1258 3463; x_wconf 90' lang='lat' dir='ltr'><strong>de</strong></span> <span class='ocrx_word' id='word_1_158' title='bbox 1273 3399 1365 3484; x_wconf 91' lang='lat' dir='ltr'><strong>hujus</strong></span> <span class='ocrx_word' id='word_1_159' title='bbox 1378 3397 1504 3464; x_wconf 88' lang='lat' dir='ltr'><strong>Codicis</strong></span> <span class='ocrx_word' id='word_1_160' title='bbox 1519 3411 1611 3464; x_wconf 74' lang='lat' dir='ltr'><strong>:etate</strong></span> <span class='ocrx_word' id='word_1_161' title='bbox 1622 3399 1733 3484; x_wconf 88' lang='lat' dir='ltr'><strong>conjici</strong></span> <span class='ocrx_word' id='word_1_162' title='bbox 1747 3411 1858 3482; x_wconf 75' lang='lat' dir='ltr'><strong>potest</strong></span> <span class='ocrx_word' id='word_1_163' title='bbox 1905 3397 2012 3482; x_wconf 88' lang='lat' dir='ltr'><strong>Scrip-</strong></span> 
     </span>
     <span class='ocr_line' id='line_1_20' title="bbox 630 3507 2011 3597; baseline -0.004 -21"><span class='ocrx_word' id='word_1_164' title='bbox 630 3525 681 3576; x_wconf 88' lang='lat' dir='ltr'><strong>tus</strong></span> <span class='ocrx_word' id='word_1_165' title='bbox 703 3525 750 3576; x_wconf 92' lang='lat' dir='ltr'><strong>est</strong></span> <span class='ocrx_word' id='word_1_166' title='bbox 771 3511 860 3574; x_wconf 89' lang='lat' dir='ltr'><strong>lineis</strong></span> <span class='ocrx_word' id='word_1_167' title='bbox 882 3511 1068 3587; x_wconf 78' lang='lat' dir='ltr'><strong>dimidiatis:</strong></span> <span class='ocrx_word' id='word_1_168' title='bbox 1091 3511 1188 3575; x_wconf 87' lang='lat' dir='ltr'><strong>literis</strong></span> <span class='ocrx_word' id='word_1_169' title='bbox 1206 3511 1387 3597; x_wconf 83' lang='lat' dir='ltr'><strong>majoribus,</strong></span> <span class='ocrx_word' id='word_1_170' title='bbox 1412 3512 1606 3590; x_wconf 80' lang='lat' dir='ltr'><strong>acuminatis,</strong></span> <span class='ocrx_word' id='word_1_171' title='bbox 1631 3510 1774 3576; x_wconf 70' lang='lat' dir='ltr'><strong>accurate</strong></span> <span class='ocrx_word' id='word_1_172' title='bbox 1787 3509 1947 3584; x_wconf 79' lang='lat' dir='ltr'><strong>formatis3</strong></span> <span class='ocrx_word' id='word_1_173' title='bbox 1970 3507 2011 3571; x_wconf 92' lang='lat' dir='ltr'><strong>ab</strong></span> 
     </span>
     <span class='ocr_line' id='line_1_21' title="bbox 633 3621 1403 3708; baseline -0.003 -20"><span class='ocrx_word' id='word_1_174' title='bbox 633 3624 744 3688; x_wconf 88' lang='lat' dir='ltr'><strong>eodem</strong></span> <span class='ocrx_word' id='word_1_175' title='bbox 761 3621 871 3687; x_wconf 77' lang='lat' dir='ltr'><strong>Scriba</strong></span> <span class='ocrx_word' id='word_1_176' title='bbox 887 3627 936 3706; x_wconf 79' lang='lat' dir='ltr'><strong>(ut</strong></span> <span class='ocrx_word' id='word_1_177' title='bbox 950 3623 1085 3704; x_wconf 86' lang='lat' dir='ltr'><strong>videtur)</strong></span> <span class='ocrx_word' id='word_1_178' title='bbox 1101 3646 1119 3686; x_wconf 93' lang='lat' dir='ltr'><strong>a</strong></span> <span class='ocrx_word' id='word_1_179' title='bbox 1134 3645 1197 3708; x_wconf 94' lang='lat' dir='ltr'><strong>quo</strong></span> <span class='ocrx_word' id='word_1_180' title='bbox 1212 3622 1403 3707; x_wconf 72' lang='lat' dir='ltr'><strong>praecedens.</strong></span> 
     </span>
    </p>

    <p class='ocr_par' dir='ltr' id='par_1_11' title="bbox 592 3732 1451 3820">
     <span class='ocr_line' id='line_1_22' title="bbox 592 3732 1451 3820; baseline -0.003 -19"><span class='ocrx_word' id='word_1_181' title='bbox 592 3737 700 3802; x_wconf 87' lang='lat' dir='ltr'><strong>Prima</strong></span> <span class='ocrx_word' id='word_1_182' title='bbox 715 3736 864 3820; x_wconf 85' lang='lat' dir='ltr'><strong>cujusque</strong></span> <span class='ocrx_word' id='word_1_183' title='bbox 880 3733 970 3797; x_wconf 88' lang='lat' dir='ltr'><strong>Libri</strong></span> <span class='ocrx_word' id='word_1_184' title='bbox 984 3732 1074 3798; x_wconf 84' lang='lat' dir='ltr'><strong>litera</strong></span> <span class='ocrx_word' id='word_1_185' title='bbox 1088 3735 1173 3818; x_wconf 87' lang='lat' dir='ltr'><strong>picta</strong></span> <span class='ocrx_word' id='word_1_186' title='bbox 1186 3745 1234 3797; x_wconf 88' lang='lat' dir='ltr'><strong>est</strong></span> <span class='ocrx_word' id='word_1_187' title='bbox 1248 3747 1280 3797; x_wconf 92' lang='lat' dir='ltr'><strong>et</strong></span> <span class='ocrx_word' id='word_1_188' title='bbox 1293 3733 1451 3798; x_wconf 84' lang='lat' dir='ltr'><strong>deaurata.</strong></span> 
     </span>
    </p>

    <p class='ocr_par' dir='ltr' id='par_1_12' title="bbox 592 3841 2013 4158">
     <span class='ocr_line' id='line_1_23' title="bbox 592 3841 2013 3932; baseline -0.006 -19"><span class='ocrx_word' id='word_1_189' title='bbox 592 3849 729 3913; x_wconf 72' lang='lat' dir='ltr'><strong>Pictura:</strong></span> <span class='ocrx_word' id='word_1_190' title='bbox 752 3856 938 3932; x_wconf 89' lang='lat' dir='ltr'><strong>argumento</strong></span> <span class='ocrx_word' id='word_1_191' title='bbox 962 3843 1034 3906; x_wconf 88' lang='lat' dir='ltr'><strong>libri</strong></span> <span class='ocrx_word' id='word_1_192' title='bbox 1058 3843 1270 3928; x_wconf 88' lang='lat' dir='ltr'><strong>respondent:</strong></span> <span class='ocrx_word' id='word_1_193' title='bbox 1295 3843 1394 3930; x_wconf 87' lang='lat' dir='ltr'><strong>(qnod</strong></span> <span class='ocrx_word' id='word_1_194' title='bbox 1422 3845 1509 3908; x_wconf 90' lang='lat' dir='ltr'><strong>etin</strong></span> <span class='ocrx_word' id='word_1_195' title='bbox 1534 3843 1725 3930; x_wconf 85' lang='lat' dir='ltr'><strong>praecedenti</strong></span> <span class='ocrx_word' id='word_1_196' title='bbox 1749 3843 1831 3906; x_wconf 94' lang='lat' dir='ltr'><strong>libro</strong></span> <span class='ocrx_word' id='word_1_197' title='bbox 1856 3841 2013 3906; x_wconf 84' lang='lat' dir='ltr'><strong>observari</strong></span> 
     </span>
     <span class='ocr_line' id='line_1_24' title="bbox 635 3953 2012 4044; baseline -0.006 -20"><span class='ocrx_word' id='word_1_198' title='bbox 635 3957 746 4024; x_wconf 85' lang='lat' dir='ltr'><strong>debuit</strong></span> <span class='ocrx_word' id='word_1_199' title='bbox 757 3957 780 4038; x_wconf 94' lang='lat'><strong>:)</strong></span> <span class='ocrx_word' id='word_1_200' title='bbox 806 3969 838 4020; x_wconf 87' lang='lat' dir='ltr'><strong>et</strong></span> <span class='ocrx_word' id='word_1_201' title='bbox 852 3955 885 4018; x_wconf 89' lang='lat' dir='ltr'><strong>in</strong></span> <span class='ocrx_word' id='word_1_202' title='bbox 908 3954 970 4019; x_wconf 78' lang='lat' dir='ltr'><strong>ima</strong></span> <span class='ocrx_word' id='word_1_203' title='bbox 984 3953 1100 4044; x_wconf 76' lang='lat' dir='ltr'><strong>pagini</strong></span> <span class='ocrx_word' id='word_1_204' title='bbox 1123 3953 1336 4040; x_wconf 67' lang='lat' dir='ltr'><strong>praescribitur</strong></span> <span class='ocrx_word' id='word_1_205' title='bbox 1358 3955 1468 4039; x_wconf 85' lang='lat' dir='ltr'><strong>(literis</strong></span> <span class='ocrx_word' id='word_1_206' title='bbox 1482 3954 1616 4042; x_wconf 77' lang='lat' dir='ltr'><strong>pessime</strong></span> <span class='ocrx_word' id='word_1_207' title='bbox 1630 3954 1783 4036; x_wconf 85' lang='lat' dir='ltr'><strong>formatis)</strong></span> <span class='ocrx_word' id='word_1_208' title='bbox 1807 3954 1924 4019; x_wconf 89' lang='lat' dir='ltr'><strong>Pictori</strong></span> <span class='ocrx_word' id='word_1_209' title='bbox 1937 3953 2012 4040; x_wconf 93' lang='lat' dir='ltr'><strong>quid</strong></span> 
     </span>
     <span class='ocr_line' id='line_1_25' title="bbox 634 4066 901 4158; baseline -0.007 -26"><span class='ocrx_word' id='word_1_210' title='bbox 634 4071 765 4158; x_wconf 77' lang='lat' dir='ltr'><strong>pingere</strong></span> <span class='ocrx_word' id='word_1_211' title='bbox 780 4066 901 4131; x_wconf 79' lang='lat' dir='ltr'><strong>debeat.</strong></span> 
     </span>
    </p>

    <p class='ocr_par' dir='ltr' id='par_1_13' title="bbox 595 4177 1153 4265">
     <span class='ocr_line' id='line_1_26' title="bbox 595 4177 1153 4265; baseline -0.011 -21"><span class='ocrx_word' id='word_1_212' title='bbox 595 4179 743 4263; x_wconf 84' lang='lat' dir='ltr'><strong>Exempli</strong></span> <span class='ocrx_word' id='word_1_213' title='bbox 757 4177 877 4265; x_wconf 81' lang='lat' dir='ltr'><strong>gratiri:</strong></span> <span class='ocrx_word' id='word_1_214' title='bbox 901 4189 973 4240; x_wconf 87' lang='lat' dir='ltr'><strong>ante</strong></span> <span class='ocrx_word' id='word_1_215' title='bbox 988 4188 1153 4242; x_wconf 83' lang='lat' dir='ltr'><strong>tractatum</strong></span> 
     </span>
    </p>
   </div>
   <div class='ocr_carea' id='block_1_6' title="bbox 561 4307 1174 4396">
    <p class='ocr_par' dir='ltr' id='par_1_14' title="bbox 561 4307 1174 4396">
     <span class='ocr_line' id='line_1_27' title="bbox 561 4307 1174 4396; baseline -0.008 -19"><span class='ocrx_word' id='word_1_216' title='bbox 561 4321 611 4377; x_wconf 82' lang='lat'><strong>1¹¹¹.</strong></span> <span class='ocrx_word' id='word_1_217' title='bbox 629 4313 699 4375; x_wconf 87' lang='lat' dir='ltr'><strong>Fiat</strong></span> <span class='ocrx_word' id='word_1_218' title='bbox 714 4311 825 4396; x_wconf 89' lang='lat' dir='ltr'><strong>Imago</strong></span> <span class='ocrx_word' id='word_1_219' title='bbox 839 4307 1011 4372; x_wconf 82' lang='lat' dir='ltr'><strong>extendens</strong></span> <span class='ocrx_word' id='word_1_220' title='bbox 1025 4309 1174 4395; x_wconf 86' lang='lat' dir='ltr'><strong>linguam.</strong></span> 
     </span>
    </p>
   </div>
   <div class='ocr_carea' id='block_1_7' title="bbox 436 4418 2015 5731">
    <p class='ocr_par' dir='ltr' id='par_1_15' title="bbox 436 4418 2015 5731">
     <span class='ocr_line' id='line_1_28' title="bbox 561 4418 2015 4511; baseline 0.001 -23"><span class='ocrx_word' id='word_1_221' title='bbox 561 4431 592 4488; x_wconf 70' lang='grc'><strong>2.</strong></span> <span class='ocrx_word' id='word_1_222' title='bbox 616 4421 655 4486; x_wconf 91' lang='lat' dir='ltr'><strong>In</strong></span> <span class='ocrx_word' id='word_1_223' title='bbox 670 4420 732 4485; x_wconf 72' lang='lat' dir='ltr'><strong>uni</strong></span> <span class='ocrx_word' id='word_1_224' title='bbox 747 4433 837 4504; x_wconf 84' lang='lat' dir='ltr'><strong>parte</strong></span> <span class='ocrx_word' id='word_1_225' title='bbox 853 4418 909 4482; x_wconf 89' lang='lat' dir='ltr'><strong>liat</strong></span> <span class='ocrx_word' id='word_1_226' title='bbox 924 4419 1029 4504; x_wconf 89' lang='lat' dir='ltr'><strong>Caput</strong></span> <span class='ocrx_word' id='word_1_227' title='bbox 1050 4441 1122 4483; x_wconf 85' lang='lat' dir='ltr'><strong>curn</strong></span> <span class='ocrx_word' id='word_1_228' title='bbox 1136 4418 1236 4506; x_wconf 85' lang='lat' dir='ltr'><strong>digito</strong></span> <span class='ocrx_word' id='word_1_229' title='bbox 1251 4421 1309 4486; x_wconf 91' lang='lat' dir='ltr'><strong>sub</strong></span> <span class='ocrx_word' id='word_1_230' title='bbox 1324 4435 1447 4490; x_wconf 85' lang='lat' dir='ltr'><strong>mento:</strong></span> <span class='ocrx_word' id='word_1_231' title='bbox 1470 4439 1556 4490; x_wconf 85' lang='lat' dir='ltr'><strong>etex</strong></span> <span class='ocrx_word' id='word_1_232' title='bbox 1570 4423 1666 4490; x_wconf 76' lang='lat' dir='ltr'><strong>alterii</strong></span> <span class='ocrx_word' id='word_1_233' title='bbox 1681 4437 1769 4510; x_wconf 90' lang='lat' dir='ltr'><strong>parte</strong></span> <span class='ocrx_word' id='word_1_234' title='bbox 1785 4424 1890 4511; x_wconf 86' lang='lat' dir='ltr'><strong>Caput</strong></span> <span class='ocrx_word' id='word_1_235' title='bbox 1904 4439 2015 4491; x_wconf 88' lang='lat' dir='ltr'><strong>exten-</strong></span> 
     </span>
     <span class='ocr_line' id='line_1_29' title="bbox 617 4529 859 4618; baseline -0.017 -22"><span class='ocrx_word' id='word_1_236' title='bbox 617 4531 695 4596; x_wconf 89' lang='lat' dir='ltr'><strong>dens</strong></span> <span class='ocrx_word' id='word_1_237' title='bbox 709 4529 859 4618; x_wconf 84' lang='lat' dir='ltr'><strong>linguam.</strong></span> 
     </span>
     <span class='ocr_line' id='line_1_30' title="bbox 561 4637 1073 4708; baseline -0.008 0"><span class='ocrx_word' id='word_1_238' title='bbox 561 4653 591 4708; x_wconf 88' lang='grc'><strong>3.</strong></span> <span class='ocrx_word' id='word_1_239' title='bbox 616 4642 687 4706; x_wconf 84' lang='lat' dir='ltr'><strong>Fiat</strong></span> <span class='ocrx_word' id='word_1_240' title='bbox 701 4639 831 4705; x_wconf 87' lang='lat' dir='ltr'><strong>Juvenis</strong></span> <span class='ocrx_word' id='word_1_241' title='bbox 845 4651 878 4703; x_wconf 86' lang='lat' dir='ltr'><strong>et</strong></span> <span class='ocrx_word' id='word_1_242' title='bbox 890 4637 1073 4704; x_wconf 81' lang='lat' dir='ltr'><strong>Juvencula.</strong></span> 
     </span>
     <span class='ocr_line' id='line_1_31' title="bbox 561 4750 1163 4836; baseline -0.007 -16"><span class='ocrx_word' id='word_1_243' title='bbox 561 4765 591 4820; x_wconf 76' lang='lat'><strong>4.</strong></span> <span class='ocrx_word' id='word_1_244' title='bbox 617 4753 687 4818; x_wconf 87' lang='lat' dir='ltr'><strong>Fiat</strong></span> <span class='ocrx_word' id='word_1_245' title='bbox 702 4752 761 4816; x_wconf 87' lang='lat' dir='ltr'><strong>Vir</strong></span> <span class='ocrx_word' id='word_1_246' title='bbox 775 4751 967 4836; x_wconf 76' lang='lat' dir='ltr'><strong>desponsans</strong></span> <span class='ocrx_word' id='word_1_247' title='bbox 983 4750 1163 4816; x_wconf 87' lang='lat' dir='ltr'><strong>Mulierem.</strong></span> 
     </span>
     <span class='ocr_line' id='line_1_32' title="bbox 436 4861 1563 4934; baseline 0.004 -3"><span class='ocrx_word' id='word_1_248' title='bbox 436 4887 442 4896; x_wconf 91' lang='lat'>·</span> <span class='ocrx_word' id='word_1_249' title='bbox 562 4875 592 4932; x_wconf 88' lang='lat'><strong>6.</strong></span> <span class='ocrx_word' id='word_1_250' title='bbox 617 4865 710 4928; x_wconf 86' lang='lat' dir='ltr'><strong>Fiant</strong></span> <span class='ocrx_word' id='word_1_251' title='bbox 725 4863 879 4928; x_wconf 88' lang='lat' dir='ltr'><strong>Cantores</strong></span> <span class='ocrx_word' id='word_1_252' title='bbox 893 4883 964 4927; x_wconf 88' lang='lat' dir='ltr'><strong>curn</strong></span> <span class='ocrx_word' id='word_1_253' title='bbox 979 4861 1082 4928; x_wconf 77' lang='lat' dir='ltr'><strong>deses.</strong></span> <span class='ocrx_word' id='word_1_254' title='bbox 1129 4865 1221 4930; x_wconf 91' lang='lat' dir='ltr'><strong>Unus</strong></span> <span class='ocrx_word' id='word_1_255' title='bbox 1236 4878 1356 4932; x_wconf 87' lang='lat' dir='ltr'><strong>tantum</strong></span> <span class='ocrx_word' id='word_1_256' title='bbox 1373 4869 1493 4934; x_wconf 86' lang='lat' dir='ltr'><strong>Cantor</strong></span> <span class='ocrx_word' id='word_1_257' title='bbox 1508 4881 1563 4934; x_wconf 77' lang='lat' dir='ltr'><strong>est.</strong></span> 
     </span>
     <span class='ocr_line' id='line_1_33' title="bbox 563 4973 1806 5066; baseline 0.005 -26"><span class='ocrx_word' id='word_1_258' title='bbox 563 4987 593 5046; x_wconf 83' lang='lat'><strong>7.</strong></span> <span class='ocrx_word' id='word_1_259' title='bbox 617 4976 689 5041; x_wconf 85' lang='lat' dir='ltr'><strong>Fiat</strong></span> <span class='ocrx_word' id='word_1_260' title='bbox 703 4975 794 5039; x_wconf 88' lang='lat' dir='ltr'><strong>Deus</strong></span> <span class='ocrx_word' id='word_1_261' title='bbox 809 4973 843 5037; x_wconf 91' lang='lat' dir='ltr'><strong>in</strong></span> <span class='ocrx_word' id='word_1_262' title='bbox 857 4973 1001 5060; x_wconf 74' lang='lat' dir='ltr'><strong>suprema</strong></span> <span class='ocrx_word' id='word_1_263' title='bbox 1016 4987 1122 5060; x_wconf 85' lang='lat' dir='ltr'><strong>parte:</strong></span> <span class='ocrx_word' id='word_1_264' title='bbox 1145 4989 1176 5041; x_wconf 88' lang='lat' dir='ltr'><strong>et</strong></span> <span class='ocrx_word' id='word_1_265' title='bbox 1187 4977 1245 5044; x_wconf 92' lang='lat' dir='ltr'><strong>sub</strong></span> <span class='ocrx_word' id='word_1_266' title='bbox 1260 5003 1298 5043; x_wconf 94' lang='lat' dir='ltr'><strong>eo</strong></span> <span class='ocrx_word' id='word_1_267' title='bbox 1312 4979 1455 5045; x_wconf 89' lang='lat' dir='ltr'><strong>homines</strong></span> <span class='ocrx_word' id='word_1_268' title='bbox 1469 4981 1668 5066; x_wconf 82' lang='lat' dir='ltr'><strong>respicientes</strong></span> <span class='ocrx_word' id='word_1_269' title='bbox 1684 4981 1806 5046; x_wconf 85' lang='lat' dir='ltr'><strong>Celum.</strong></span> 
     </span>
     <span class='ocr_line' id='line_1_34' title="bbox 562 5084 1506 5174; baseline 0.001 -20"><span class='ocrx_word' id='word_1_270' title='bbox 562 5100 592 5154; x_wconf 85' lang='grc'><strong>8.</strong></span> <span class='ocrx_word' id='word_1_271' title='bbox 617 5089 688 5152; x_wconf 85' lang='lat' dir='ltr'><strong>Fiat</strong></span> <span class='ocrx_word' id='word_1_272' title='bbox 703 5085 857 5151; x_wconf 83' lang='lat' dir='ltr'><strong>Petrus&amp;</strong></span> <span class='ocrx_word' id='word_1_273' title='bbox 873 5084 990 5149; x_wconf 88' lang='lat' dir='ltr'><strong>Paulus</strong></span> <span class='ocrx_word' id='word_1_274' title='bbox 1004 5107 1077 5148; x_wconf 87' lang='lat' dir='ltr'><strong>cum</strong></span> <span class='ocrx_word' id='word_1_275' title='bbox 1093 5085 1257 5172; x_wconf 81' lang='lat' dir='ltr'><strong>Capitibus</strong></span> <span class='ocrx_word' id='word_1_276' title='bbox 1271 5091 1506 5174; x_wconf 83' lang='lat' dir='ltr'><strong>Apostolorum.</strong></span> 
     </span>
     <span class='ocr_line' id='line_1_35' title="bbox 562 5181 1645 5288; baseline 0.005 -24"><span class='ocrx_word' id='word_1_277' title='bbox 562 5209 593 5266; x_wconf 90' lang='lat'><strong>9.</strong></span> <span class='ocrx_word' id='word_1_278' title='bbox 617 5198 711 5264; x_wconf 89' lang='lat' dir='ltr'><strong>Fiant</strong></span> <span class='ocrx_word' id='word_1_279' title='bbox 727 5196 841 5260; x_wconf 86' lang='lat' dir='ltr'><strong>Anime</strong></span> <span class='ocrx_word' id='word_1_280' title='bbox 855 5195 889 5258; x_wconf 90' lang='lat' dir='ltr'><strong>in</strong></span> <span class='ocrx_word' id='word_1_281' title='bbox 901 5195 981 5284; x_wconf 90' lang='lat' dir='ltr'><strong>Igne</strong></span> <span class='ocrx_word' id='word_1_282' title='bbox 994 5195 1148 5262; x_wconf 78' lang='lat' dir='ltr'><strong>ardentes.</strong></span> <span class='ocrx_word' id='word_1_283' title='bbox 1193 5199 1326 5288; x_wconf 80' lang='lat' dir='ltr'><strong>(Figura</strong></span> <span class='ocrx_word' id='word_1_284' title='bbox 1340 5202 1444 5268; x_wconf 89' lang='lat' dir='ltr'><strong>excisa</strong></span> <span class='ocrx_word' id='word_1_285' title='bbox 1458 5203 1529 5284; x_wconf 77' lang='lat' dir='ltr'><strong>est)</strong></span> <span class='ocrx_word' id='word_1_286' title='bbox 1643 5181 1645 5188; x_wconf 32' lang='lat'><strong><em>¹</em></strong></span> 
     </span>
     <span class='ocr_line' id='line_1_36' title="bbox 544 5305 1750 5398; baseline 0.003 -23"><span class='ocrx_word' id='word_1_287' title='bbox 544 5319 593 5375; x_wconf 92' lang='lat' dir='ltr'><strong>ll.</strong></span> <span class='ocrx_word' id='word_1_288' title='bbox 618 5309 689 5374; x_wconf 84' lang='lat' dir='ltr'><strong>Fiat</strong></span> <span class='ocrx_word' id='word_1_289' title='bbox 703 5307 794 5372; x_wconf 92' lang='lat' dir='ltr'><strong>Deus</strong></span> <span class='ocrx_word' id='word_1_290' title='bbox 809 5329 881 5370; x_wconf 91' lang='lat' dir='ltr'><strong>cum</strong></span> <span class='ocrx_word' id='word_1_291' title='bbox 895 5305 1023 5370; x_wconf 89' lang='lat' dir='ltr'><strong>homine</strong></span> <span class='ocrx_word' id='word_1_292' title='bbox 1037 5318 1068 5371; x_wconf 88' lang='lat' dir='ltr'><strong>et</strong></span> <span class='ocrx_word' id='word_1_293' title='bbox 1081 5307 1149 5372; x_wconf 84' lang='lat' dir='ltr'><strong>aliis</strong></span> <span class='ocrx_word' id='word_1_294' title='bbox 1164 5307 1360 5389; x_wconf 87' lang='lat' dir='ltr'><strong>[Creaturis:</strong></span> <span class='ocrx_word' id='word_1_295' title='bbox 1375 5333 1442 5389; x_wconf 87' lang='lat' dir='ltr'><strong>ave,</strong></span> <span class='ocrx_word' id='word_1_296' title='bbox 1458 5309 1662 5398; x_wconf 87' lang='lat' dir='ltr'><strong>quadrupede</strong></span> <span class='ocrx_word' id='word_1_297' title='bbox 1676 5315 1750 5396; x_wconf 64' lang='grc' dir='ltr'><strong>δια]</strong></span> 
     </span>
     <span class='ocr_line' id='line_1_37' title="bbox 545 5415 1010 5506; baseline -0.006 -22"><span class='ocrx_word' id='word_1_298' title='bbox 545 5429 594 5484; x_wconf 79' lang='grc'><strong>13.</strong></span> <span class='ocrx_word' id='word_1_299' title='bbox 619 5419 690 5484; x_wconf 90' lang='lat' dir='ltr'><strong>Fiat</strong></span> <span class='ocrx_word' id='word_1_300' title='bbox 705 5419 848 5506; x_wconf 85' lang='lat' dir='ltr'><strong>Angelus</strong></span> <span class='ocrx_word' id='word_1_301' title='bbox 863 5415 1010 5482; x_wconf 89' lang='lat' dir='ltr'><strong>scribens.</strong></span> 
     </span>
     <span class='ocr_line' id='line_1_38' title="bbox 545 5527 1454 5615; baseline 0 -19"><span class='ocrx_word' id='word_1_302' title='bbox 545 5540 595 5596; x_wconf 85' lang='grc'><strong>13.</strong></span> <span class='ocrx_word' id='word_1_303' title='bbox 619 5529 690 5594; x_wconf 89' lang='lat' dir='ltr'><strong>Fiat</strong></span> <span class='ocrx_word' id='word_1_304' title='bbox 705 5527 816 5594; x_wconf 90' lang='lat' dir='ltr'><strong>Homo</strong></span> <span class='ocrx_word' id='word_1_305' title='bbox 830 5529 956 5592; x_wconf 87' lang='lat' dir='ltr'><strong>flectens</strong></span> <span class='ocrx_word' id='word_1_306' title='bbox 971 5549 1083 5615; x_wconf 84' lang='lat' dir='ltr'><strong>genua,</strong></span> <span class='ocrx_word' id='word_1_307' title='bbox 1099 5527 1267 5614; x_wconf 87' lang='lat' dir='ltr'><strong>respiciens</strong></span> <span class='ocrx_word' id='word_1_308' title='bbox 1281 5531 1315 5593; x_wconf 94' lang='lat' dir='ltr'><strong>in</strong></span> <span class='ocrx_word' id='word_1_309' title='bbox 1331 5531 1454 5596; x_wconf 89' lang='lat' dir='ltr'><strong>Celum.</strong></span> 
     </span>
     <span class='ocr_line' id='line_1_39' title="bbox 545 5637 1565 5731; baseline 0.006 -27"><span class='ocrx_word' id='word_1_310' title='bbox 545 5649 595 5706; x_wconf 83' lang='lat'><strong>14.</strong></span> <span class='ocrx_word' id='word_1_311' title='bbox 620 5639 691 5704; x_wconf 88' lang='lat' dir='ltr'><strong>Fiat</strong></span> <span class='ocrx_word' id='word_1_312' title='bbox 706 5639 851 5704; x_wconf 90' lang='lat' dir='ltr'><strong>Christus</strong></span> <span class='ocrx_word' id='word_1_313' title='bbox 866 5637 977 5704; x_wconf 85' lang='lat' dir='ltr'><strong>sedens</strong></span> <span class='ocrx_word' id='word_1_314' title='bbox 992 5653 1236 5723; x_wconf 89' lang='lat' dir='ltr'><strong>supermontem</strong></span> <span class='ocrx_word' id='word_1_315' title='bbox 1252 5642 1368 5708; x_wconf 89' lang='lat' dir='ltr'><strong>docens</strong></span> <span class='ocrx_word' id='word_1_316' title='bbox 1384 5645 1565 5731; x_wconf 85' lang='lat' dir='ltr'><strong>Apostolos.</strong></span> 
     </span>
    </p>
   </div>
   <div class='ocr_carea' id='block_1_8' title="bbox 545 5750 1682 6176">
    <p class='ocr_par' dir='ltr' id='par_1_16' title="bbox 545 5750 1344 5837">
     <span class='ocr_line' id='line_1_40' title="bbox 545 5750 1344 5837; baseline 0.003 -21"><span class='ocrx_word' id='word_1_317' title='bbox 545 5760 595 5816; x_wconf 84' lang='lat'><strong>15.</strong></span> <span class='ocrx_word' id='word_1_318' title='bbox 620 5751 712 5816; x_wconf 89' lang='lat' dir='ltr'><strong>Fiant</strong></span> <span class='ocrx_word' id='word_1_319' title='bbox 728 5751 841 5817; x_wconf 86' lang='lat' dir='ltr'><strong>Petrus</strong></span> <span class='ocrx_word' id='word_1_320' title='bbox 856 5763 887 5814; x_wconf 93' lang='lat' dir='ltr'><strong>et</strong></span> <span class='ocrx_word' id='word_1_321' title='bbox 903 5750 1020 5814; x_wconf 91' lang='lat' dir='ltr'><strong>Paulus</strong></span> <span class='ocrx_word' id='word_1_322' title='bbox 1034 5765 1066 5814; x_wconf 88' lang='lat' dir='ltr'><strong>et</strong></span> <span class='ocrx_word' id='word_1_323' title='bbox 1080 5753 1174 5816; x_wconf 91' lang='lat' dir='ltr'><strong>ceteri</strong></span> <span class='ocrx_word' id='word_1_324' title='bbox 1191 5755 1344 5837; x_wconf 88' lang='lat' dir='ltr'><strong>Apostoli.</strong></span> 
     </span>
    </p>

    <p class='ocr_par' dir='ltr' id='par_1_17' title="bbox 546 5837 1242 5952">
     <span class='ocr_line' id='line_1_41' title="bbox 546 5837 1242 5952; baseline 0.004 -25"><span class='ocrx_word' id='word_1_325' title='bbox 546 5871 596 5928; x_wconf 89' lang='lat'><strong>16.</strong></span> <span class='ocrx_word' id='word_1_326' title='bbox 621 5861 693 5926; x_wconf 86' lang='lat' dir='ltr'><strong>Fiat</strong></span> <span class='ocrx_word' id='word_1_327' title='bbox 706 5861 856 5928; x_wconf 89' lang='lat' dir='ltr'><strong>Trinitas.</strong></span> <span class='ocrx_word' id='word_1_328' title='bbox 901 5837 1036 5952; x_wconf 81' lang='lat' dir='ltr'><strong>(Figura</strong></span> <span class='ocrx_word' id='word_1_329' title='bbox 1050 5865 1157 5928; x_wconf 87' lang='lat' dir='ltr'><strong>excisa</strong></span> <span class='ocrx_word' id='word_1_330' title='bbox 1171 5867 1242 5948; x_wconf 82' lang='lat' dir='ltr'><strong>est.)</strong></span> 
     </span>
    </p>

    <p class='ocr_par' dir='ltr' id='par_1_18' title="bbox 549 5971 1207 6063">
     <span class='ocr_line' id='line_1_42' title="bbox 549 5971 1207 6063; baseline 0 -23"><span class='ocrx_word' id='word_1_331' title='bbox 549 5981 599 6044; x_wconf 85' lang='lat'><strong>17.</strong></span> <span class='ocrx_word' id='word_1_332' title='bbox 621 5971 720 6038; x_wconf 89' lang='lat' dir='ltr'><strong>Multi</strong></span> <span class='ocrx_word' id='word_1_333' title='bbox 735 5973 882 6063; x_wconf 87' lang='lat' dir='ltr'><strong>Magistri</strong></span> <span class='ocrx_word' id='word_1_334' title='bbox 897 5975 989 6040; x_wconf 90' lang='lat' dir='ltr'><strong>simul</strong></span> <span class='ocrx_word' id='word_1_335' title='bbox 1004 5975 1207 6062; x_wconf 85' lang='lat' dir='ltr'><strong>disputantes.</strong></span> 
     </span>
    </p>

    <p class='ocr_par' dir='ltr' id='par_1_19' title="bbox 549 6083 1682 6176">
     <span class='ocr_line' id='line_1_43' title="bbox 549 6083 1682 6176; baseline 0.006 -27"><span class='ocrx_word' id='word_1_336' title='bbox 549 6093 599 6150; x_wconf 86' lang='lat'><strong>18.</strong></span> <span class='ocrx_word' id='word_1_337' title='bbox 622 6083 749 6149; x_wconf 88' lang='lat' dir='ltr'><strong>Demon</strong></span> <span class='ocrx_word' id='word_1_338' title='bbox 764 6085 935 6151; x_wconf 83' lang='lat' dir='ltr'><strong>extendens</strong></span> <span class='ocrx_word' id='word_1_339' title='bbox 950 6087 1092 6173; x_wconf 84' lang='lat' dir='ltr'><strong>digitum.</strong></span> <span class='ocrx_word' id='word_1_340' title='bbox 1137 6089 1218 6171; x_wconf 88' lang='grc'><strong>(19.)</strong></span> <span class='ocrx_word' id='word_1_341' title='bbox 1235 6089 1340 6156; x_wconf 84' lang='lat' dir='ltr'><strong>Senex</strong></span> <span class='ocrx_word' id='word_1_342' title='bbox 1353 6113 1426 6156; x_wconf 87' lang='lat' dir='ltr'><strong>cum</strong></span> <span class='ocrx_word' id='word_1_343' title='bbox 1440 6092 1545 6176; x_wconf 87' lang='lat' dir='ltr'><strong>pueris</strong></span> <span class='ocrx_word' id='word_1_344' title='bbox 1560 6093 1682 6158; x_wconf 86' lang='lat' dir='ltr'><strong>subeo.</strong></span> 
     </span>
    </p>
   </div>
   <div class='ocr_carea' id='block_1_9' title="bbox 0 0 2340 7844">
    <p class='ocr_par' dir='ltr' id='par_1_20' title="bbox 0 0 2340 7844">
     <span class='ocr_line' id='line_1_44' title="bbox 0 0 2340 7844; baseline 0 0"><span class='ocrx_word' id='word_1_345' title='bbox 0 0 2340 7844; x_wconf 95' lang='lat' dir='ltr'><strong> </strong></span> 
     </span>
    </p>
   </div>
  </div>
 </body>
</html>
