4640 7842
17 1031 19 1080 1
793 1043 980 1104 noctram
1004 1044 1281 1125 nmmtrmnars.
1698 1037 1771 1109 201

77 1252 114 1328 Β,
131 1247 199 1328 Ν,
211 1253 271 1324 20,
398 1255 421 1292 “
434 1247 498 1312 buo
512 1245 652 1312 fortassis
666 1245 752 1334 quod
766 1247 913 1329 dicerem,
929 1249 956 1314 si
969 1259 1108 1316 vestrum
1121 1247 1280 1316 fastidium
1292 1263 1358 1316 non
1372 1245 1524 1318 timerem.
1539 1261 1543 1270 ’
1569 1247 1665 1320 Nunc
1679 1251 1775 1343 igitur

17 1353 18 1362 ’
84 1349 193 1400 ”mm
399 1368 422 1404 “
435 1359 545 1427 Arche
557 1371 664 1426 nostre
678 1360 859 1448 exemplum
879 1383 1107 1450 proponamus,
1130 1363 1211 1430 siout
1223 1361 1441 1450 promisimus:
1464 1362 1551 1451 quod
1567 1364 1706 1434 exterids
1720 1367 1776 1432 de-

399 1479 421 1516 “
434 1472 604 1562 pingimus,
619 1485 656 1538 ut
668 1470 744 1538 foris
758 1472 870 1554 discos,
887 1473 972 1562 quod
987 1475 1070 1542 intus
1084 1497 1178 1564 agere
1189 1474 1321 1542 debeas:
1342 1484 1378 1540 ut
1392 1496 1464 1542 oum
1478 1473 1572 1562 hujus
1586 1478 1774 1564 exemplaris

399 1590 421 1626 “
434 1582 568 1649 sormam
581 1584 615 1648 in
629 1583 726 1649 oorde
739 1595 795 1650 tuo
809 1584 1009 1671 expresseris,
1025 1585 1155 1650 domum
1170 1585 1235 1652 Dei
1247 1585 1282 1651 in
1296 1585 1518 1652 reedificatum
1532 1610 1600 1654 esse
1613 1589 1748 1656 leteris.”

339 1697 414 1763 Vox
430 1704 451 1738 “
459 1695 678 1785 depingimus”
692 1696 804 1762 alludit
813 1697 855 1764 ed
864 1696 990 1764 titulum
998 1697 1038 1764 de
1050 1697 1178 1765 Pictura
1189 1699 1295 1777 Amoe,
1305 1720 1399 1787 quem
1410 1701 1552 1788 sequenti
1560 1701 1642 1766 libro
1652 1723 1777 1788 praepo-

395 1811 475 1887 suit3
491 1810 545 1897 qui
557 1809 693 1896 proinde
706 1809 803 1878 libros
813 1809 855 1876 de
869 1811 954 1878 Arce
970 1810 1053 1878 Nooe
1066 1811 1224 1900 subsequi,
1240 1831 1305 1877 non
1320 1812 1417 1898 (utin
1431 1811 1522 1880 editis
1536 1813 1637 1897 libris)
1653 1837 1772 1901 praece·

399 1920 475 1986 dere
489 1920 607 1986 debuit.

358 2032 521 2118 Scriptura
534 2032 747 2118 superioribus
768 2031 892 2098 duobus
915 2031 1099 2100 tractatibus
1122 2032 1231 2100 similis
1245 2043 1302 2114 est,
1329 2035 1415 2121 (lieet
1435 2035 1535 2104 literoe
1557 2037 1590 2102 in
1611 2038 1777 2124 posteriori

396 2156 487 2230 parte
500 2144 638 2210 minores
653 2145 728 2226 sint)
743 2155 775 2209 et
788 2143 928 2232 ejusdem
941 2143 1064 2214 uidetur
1077 2146 1188 2212 [etatis.

300 2315 330 2378 7.
353 2306 636 2376 Onsrnvnrrours
651 2327 803 2393 pueram
818 2309 1056 2390 Anonoonrcrs,
1072 2331 1115 2376 er
1130 2305 1307 2392 Monmns,
1326 2309 1490 2398 Capitibus
1510 2319 1559 2376 11.

1442 2421 1496 2488 sol.
1512 2429 1586 2490 282.
1602 2422 1643 2488 ad
1658 2427 1732 2490 298.

356 2531 462 2617 caput
480 2537 575 2596 lnam:
591 2531 624 2596 in
640 2529 788 2597 Mettbaei
804 2530 910 2617 Caput
927 2539 1013 2597 lum·

354 2641 443 2709 ‘We
466 2643 499 2706 in
514 2642 658 2708 Danielis
674 2641 795 2730 Capitis
811 2641 852 2708 8νΙ
870 2665 995 2710 versum
1010 2651 1119 2715 timm.

356 2757 438 2823 8¹¹⁸¹¹r
461 2756 502 2822 de
518 2757 631 2823 Cruce.

353 2871 439 2934 ’Νι
463 2870 496 2933 in
510 2869 659 2934 Judicum
676 2869 783 2956 Caput
798 2877 884 2940 Ῥω.

354 2982 439 3049 ⁵⁹¹³:
463 2981 504 3047 de
518 2981 618 3046 tribus
633 2981 818 3046 Studiorum
831 2981 1010 3070 geberibus.

353 3093 439 3160 6²⁸³:
462 3092 503 3158 de
517 3093 603 3157 bono
617 3091 715 3157 odore
729 3091 886 3158 bonorum
901 3105 932 3157 et
946 3092 1111 3178 malorum.

354 3211 451 3277 ’με
473 3205 507 3270 in
522 3213 544 3270 2
560 3205 635 3270 Cor.
653 3203 773 3291 Cupitis
789 3205 827 3272 6ιὶ
847 3205 983 3270 Versum
1001 3207 1095 3272 1621210.

354 3326 447 3384 guum,
470 3319 504 3382 in
519 3315 668 3386 Matthaei
684 3317 804 3404 Capitis
820 3317 863 3385 9¹²¹
881 3317 1017 3384 Versum
1035 3325 1142 3388 lim.

354 3437 449 3497 tim:
472 3430 512 3495 de
529 3429 669 3496 Silentio.

335 3550 449 3634 lom:
472 3542 506 3606 in
523 3541 693 3629 Sophoniee
709 3542 831 3630 Capitis
845 3541 887 3608 2ιιὶ
905 3541 1042 3610 Versum
1058 3542 1140 3608 gum·

335 3659 372 3720 11
385 3678 394 3718 :
417 3653 458 3719 de
472 3652 620 3719 Diabolo.

306 3857 311 3866 Ι
354 3766 518 3852 Scriptura
531 3764 642 3832 eedem
654 3775 704 3832 est
716 3784 789 3832 oum
803 3765 1000 3851 superiorum
1014 3759 1168 3830 librorum
1181 3773 1271 3850 perte
1284 3763 1469 3850 posteriori:
1484 3763 1583 3832 literae
1597 3767 1736 3837 minutae.

209 4109 268 4180 21.
297 4100 417 4177 err
433 4099 647 4188 Brnuunor,
666 4095 836 4173 Annurrs
853 4119 903 4171 nn
922 4094 1054 4172 Conna
1071 4117 1206 4183 vuum,
1226 4095 1438 4172 Sermones.

342 4274 395 4340 Sic
408 4271 581 4357 incipiunt:
606 4277 628 4311 ‘⁶
643 4267 763 4348 Hodie,
779 4267 900 4346 fratres,
916 4266 1110 4332 celebramus
1125 4266 1290 4332 Adventds
1305 4266 1492 4332 initium”-

385 4410 467 4474 Sunt
482 4406 665 4472 Snnroorrns
680 4403 866 4469 Banuannr
882 4423 926 4468 nn
942 4399 1129 4480 anaronr3
1145 4393 1280 4489 quornm
1295 4399 1397 4467 Tituli
1409 4399 1462 4467 hic
1477 4399 1691 4490 subjiciuntur.

356 4519 446 4586 “De
462 4517 611 4584 Adventu
625 4515 758 4582 Domini
776 4515 942 4581 Sermones
961 4523 989 4580 1.
1006 4525 1035 4580 8.
1052 4521 1083 4583 7.
1098 4523 1130 4581 6.
1146 4521 1177 4579 2.
1192 4523 1223 4578 4.
1240 4521 1269 4579 5.

355 4640 378 4678 ‘⁶
394 4631 433 4697 ln
448 4628 564 4720 vigilis
579 4626 769 4706 Natiuitatis,
787 4627 955 4692 Sermones
973 4634 1001 4690 1.
1018 4635 1048 4690 8.
1065 4633 1095 4690 5.
1111 4633 1142 4690 6.
1157 4635 1189 4689 4.
1205 4630 1236 4688 2.

444 4767 612 4832 Sermones
626 4773 647 4828 4
662 4775 694 4828 et
708 4772 728 4827 2
743 4763 865 4828 suntin
880 4760 970 4826 Meto
983 4781 1066 4826 unus
1079 4771 1202 4824 tantum
1219 4759 1339 4826 Sermo.

356 4887 379 4925 “
394 4879 434 4948 Iu
448 4877 619 4946 Nativitote
634 4875 777 4954 Domini,
795 4875 962 4942 Sermones
978 4883 1008 4940 8.
1024 4881 1055 4938 2.
1071 4882 1102 4940 4.
1120 4881 1149 4938 1.
1165 4881 1196 4940 6.

267 5037 269 5039 -
356 4998 380 5036 “
394 4990 434 5057 In
449 4987 557 5054 Natali
572 4985 802 5064 Innocentium,
820 4985 932 5051 Sermo
949 4991 977 5047 1.

358 5110 380 5146 “
394 5102 436 5168 ln
450 5100 547 5167 Festo
562 5096 827 5174 Circumcisionis,
845 5095 1013 5160 Sermones
1030 5102 1059 5160 1.
1076 5104 1105 5160 8.
1121 5101 1152 5158 2.

358 5222 381 5258 “
395 5213 437 5279 ln
452 5210 631 5299 Epiphanid
646 5208 789 5288 Domini,
806 5209 974 5274 Semnones
991 5215 1019 5272 1.
1036 5215 1066 5274 2.
1084 5216 1113 5274 8.
1129 5211 1172 5290 [s.
1187 5211 1258 5290 80.]

361 5332 383 5369 “
398 5324 438 5390 In
454 5321 575 5390 octavu
591 5321 789 5408 Epiphanius,
807 5321 919 5386 Sermo
933 5325 1032 5389 tim.

359 5443 382 5480 ‘⁶
397 5435 436 5501 ln
451 5431 621 5501 Dominics
638 5439 691 5500 1⁰·
703 5443 776 5519 post
790 5431 1013 5518 Epiphaniam,
1030 5429 1197 5496 Sermones
1214 5436 1243 5494 1.
1258 5435 1289 5492 2.

360 5555 383 5594 “
398 5546 438 5613 In
454 5543 701 5634 septuagesimi,
718 5543 831 5610 Sermo
848 5551 877 5607 1.

802 5677 988 5742 smuouss
1005 5673 1200 5742 Bnnuannr.

359 5803 382 5841 ⁶⁴
396 5793 437 5861 In
453 5793 565 5881 Capite
579 5790 705 5878 Jejunij,
724 5791 891 5857 Sermones
908 5797 937 5854 1.
952 5795 983 5854 2.
999 5794 1030 5858 7.
1046 5796 1077 5856 8.
1092 5796 1124 5854 4.
1139 5794 1170 5854 6.
1185 5794 1217 5854 6.

358 5914 380 5951 “
395 5905 435 5971 ln
451 5903 613 5970 Psalmum
628 5907 737 5980 90“““,
755 5900 922 5968 Semnones
940 5903 991 5968 17.

329 6003 335 6016 ’
359 6025 381 6064 “
395 6017 437 6084 In·
451 6015 546 6084 Festo
561 6011 823 6092 Resurrectionis,
841 6011 1008 6079 Sermones
1024 6018 1055 6075 8.
1071 6015 1101 6075 2.
1120 6015 1148 6077 1.
1164 6011 1267 6093 [num.
1283 6014 1335 6078 68.
1350 6013 1403 6078 64.
1419 6013 1489 6091 68]

997 6127 1019 6185 2
1033 6139 1055 6186 E
