4650 7852
833 1039 1020 1096 accusem:
1045 1037 1322 1094 unumunurm.
1750 1017 1820 1097 165

94 1255 137 1331 Β,
153 1254 235 1333 ΙΙΙ,
250 1256 311 1327 22.
334 1257 366 1316 4.
391 1244 659 1316 Mammosas
673 1242 720 1310 a'r
737 1241 933 1310 Banasam.
1635 1237 1704 1307 Fol.
1720 1250 1774 1311 4⁸.

115 1352 214 1396 '⁰¹³⁰'
396 1360 449 1426 Sic
463 1357 637 1444 incipiunt:
662 1363 684 1398 “
700 1353 799 1420 Multi
812 1355 912 1420 multa
926 1354 1038 1433 sciunt,
1061 1364 1093 1418 et
1114 1352 1232 1438 seipsos
1253 1349 1460 1418 nescimt'-
1503 1345 1587 1414 Vide
1601 1348 1697 1435 pauo
1711 1373 1818 1438 supra,

436 1469 517 1536 God.
536 1477 586 1534 la.
601 1479 692 1532 tract.
709 1474 737 1531 l.

335 1641 365 1700 5.
389 1629 656 1698 Msorrnrrorvns
677 1647 778 1692 nram
802 1625 986 1692 Baranam
1009 1643 1054 1693 ns
1076 1627 1317 1692 Conrassmra
1340 1643 1486 1690 nononrs
1507 1643 1616 1690 sarrs
1639 1623 1816 1705 Vraorsrs,

435 1762 534 1827 posu
550 1760 731 1806 susurrum
745 1760 811 1804 rao
829 1739 997 1805 Passrorvn
1014 1738 1110 1805 Frmr
1125 1759 1192 1805 sur.
1629 1735 1705 1802 folio
1720 1746 1772 1804 55.
1784 1737 1816 1803 1).

394 1855 447 1922 Sic
461 1851 634 1938 incipiunt:
659 1860 680 1894 “
696 1851 777 1928 Quis
792 1851 879 1916 dabit
893 1851 988 1938 capiti
1002 1873 1074 1916 meo
1088 1871 1213 1939 aquam,
1228 1858 1261 1916 et
1274 1846 1374 1914 oculis
1388 1847 1466 1914 meis
1481 1846 1613 1913 imbrem
1621 1845 1656 1912 ?’'

373 2019 375 2022 -
393 1967 521 2036 Titulus
536 1965 588 2030 hic
609 1986 675 2030 non
696 1965 785 2028 initio
806 1963 921 2052 legitur
928 1989 937 2042 3
964 1964 1020 2030 sed
1034 1966 1067 2028 in
1089 1964 1153 2030 fine
1173 1964 1371 2030 adscribitur.
1417 1963 1529 2029 Sermo
1544 1972 1592 2027 est
1607 1960 1763 2028 Bernardi
1785 1963 1819 2026 in

437 2079 623 2156 Parasceue,
638 2075 680 2140 de
695 2071 934 2140 Lamentatione
948 2075 1106 2164 Virginis:
1129 2097 1261 2163 operum
1277 2073 1348 2140 Col.
1366 2081 1438 2140 156.
1452 2074 1487 2138 in
1500 2072 1574 2138 edit.
1591 2075 1668 2140 Ant.
1687 2082 1780 2142 1620.

336 2249 366 2306 6.
390 2237 592 2304 Manrrarro
607 2255 708 2300 naam
725 2235 934 2299 Auoosrrrvr.
1630 2230 1706 2296 folio
1722 2240 1773 2297 53.
1786 2230 1818 2295 b.

394 2351 447 2418 Sic
460 2349 589 2435 incipit:
613 2347 800 2411 “invocate
822 2352 897 2432 [pro
912 2345 1030 2411 Invoco
1044 2353 1092 2428 te]
1115 2345 1205 2413 Deus
1219 2367 1328 2410 meus:
1352 2344 1501 2410 invocate
1523 2344 1619 2434 [lega
1636 2343 1756 2410 Invoco
1770 2347 1819 2424 te]

438 2471 459 2505 ‘⁶
474 2461 548 2548 quia
562 2481 662 2545 prope
676 2481 710 2522 es
725 2457 889 2522 animabus
904 2457 1121 2523 invocantibus
1136 2469 1167 2522 te
1182 2457 1380 2522 inveritate.

393 2571 521 2636 Titulus
535 2570 587 2635 hic
601 2571 635 2633 in
649 2569 713 2634 fine
728 2568 927 2634 adscribitur.

393 2681 489 2748 Forte
503 2705 544 2748 ex
560 2680 801 2748 Confessionum
815 2679 897 2744 libro
912 2689 1061 2765 excerpta
1075 2690 1131 2743 est.

336 2847 365 2911 7.
389 2839 593 2906 Tancrrrus
607 2857 866 2904 conrannrosos
881 2857 925 2901 ur
942 2857 1057 2903 uncam
1072 2856 1246 2902 minuaris
1262 2855 1411 2900 norrun
1428 2855 1550 2902 urrais.
1631 2835 1706 2902 folio
1723 2845 1774 2902 54.
1786 2837 1817 2900 b.

393 2949 520 3014 Titulus
534 2949 670 3014 hicnon
685 2947 717 3010 in
732 2948 831 3026 initio,
847 2947 902 3012 sed
918 2947 982 3011 fine
996 2949 1120 3036 legitur.

392 3061 446 3128 Sic
459 3060 588 3146 incipit:
613 3057 799 3145 “Sequitur
821 3057 917 3122 modo
938 3057 979 3122 de
993 3057 1054 3126 illis
1076 3081 1138 3146 quc
1159 3068 1234 3122 sunt
1254 3057 1456 3144 adimplenda
1470 3057 1619 3135 viriliter:
1646 3057 1821 3143 cujusmodi

325 3189 329 3198 ’
436 3183 459 3216 “
472 3185 546 3239 sunt
560 3172 670 3237 decern
684 3170 833 3235 mandata
847 3170 1067 3259 Decalogi”-

391 3284 528 3350 Videtur
541 3282 667 3369 urajoris
681 3280 786 3367 operis
800 3301 884 3366 pars.

337 3459 367 3516 8.
390 3449 648 3524 Tanmnrnms,
668 3465 752 3524 srvs,
778 3444 1002 3510 Psnnrsnrorr
1018 3463 1261 3521 nvurmrrrrs;
1285 3464 1455 3528 Quonooo
1471 3463 1550 3529 pura
1567 3462 1741 3510 arrnnnar
1755 3464 1822 3510 nn·

436 3583 532 3627 minis
549 3583 586 3626 nv
610 3581 728 3626 rasura
743 3581 903 3625 saonam.
948 3559 999 3624 Er
1014 3559 1114 3625 Nora
1136 3579 1354 3642 consequeus
1377 3580 1421 3624 na
1439 3559 1528 3624 Vrrn
1551 3559 1821 3638 Monncuonusr‚

438 3695 559 3758 punam
575 3693 685 3738 aaran
700 3678 811 3754 [esse]
1355 3739 1359 3748 ,
1633 3670 1709 3734 folio
1725 3672 1821 3741 511).

395 3784 522 3850 Titulus
536 3783 589 3847 hic
603 3784 636 3847 in
650 3782 740 3846 initio
754 3779 943 3846 adscribitur
957 3802 977 3844 a
990 3802 1087 3845 manu
1102 3781 1285 3846 recentiore.

397 3895 449 3960 Sic
464 3894 592 3980 incipit:
618 3902 639 3935 “
654 3893 733 3957 Non
747 3904 795 3956 est
808 3891 951 3970 dubium,
974 3891 1113 3979 quodsi
1128 3893 1198 3979 quis
1212 3891 1294 3956 bene
1308 3912 1381 3954 suos
1396 3889 1545 3971 defectis,
1558 3901 1590 3956 et
1603 3891 1758 3957 maliciam
1773 3913 1824 3958 re·

438 4013 461 4048 ‘⁶
475 4006 742 4092 cognosceret'’-

368 4195 370 4200 Ι
395 4115 449 4182 Dc
463 4115 538 4181 virt
554 4115 789 4180 Monacborum
811 4112 858 4200 (in
873 4111 983 4178 eidem
997 4113 1128 4202 pagini)
1144 4113 1206 4180 sic:
1230 4119 1253 4156 “
1269 4111 1415 4179 Studium
1430 4112 1596 4200 cujuslibet
1609 4113 1747 4206 religiosi
1761 4114 1823 4182 hoc

441 4235 462 4269 “
477 4249 545 4292 esse
560 4226 717 4291 debet”-

340 4376 369 4431 9.
393 4363 595 4430 Tancmros
612 4383 678 4427 rsa
694 4381 842 4426 rounam
857 4360 1022 4440 Dranoar,
1047 4343 1153 4428 rurist:
1173 4361 1356 4429 Honrunn
1377 4383 1421 4428 nr
1443 4365 1596 4430 Arinen
1611 4384 1713 4430 suun.

1632 4474 1709 4540 folio
1724 4483 1776 4543 58.
1791 4497 1822 4540 a.

397 4585 463 4652 Hic
478 4585 586 4650 titulus
602 4583 670 4670 (sed
686 4583 726 4648 ab
741 4584 801 4648 alib
816 4584 925 4666 manu)
941 4582 1056 4676 legitur
1070 4583 1103 4648 in
1118 4585 1207 4648 initio
1221 4585 1303 4650 libri.

395 4697 551 4785 Dialogus
565 4709 613 4760 est
625 4696 707 4760 inter
724 4695 899 4760 Hominem
914 4707 946 4758 et
961 4695 1110 4759 Animam
1125 4719 1225 4776 suam,
1240 4697 1281 4762 de
1297 4695 1433 4762 Mentali
1449 4697 1682 4764 Exercitatione
1705 4704 1754 4785 (ut
1767 4721 1823 4764 vo-

439 4809 502 4890 cat)
518 4808 583 4871 sive
599 4801 883 4890 contemplatione.

400 4919 451 4985 Sic
466 4917 592 5003 incipit:
618 4924 640 4958 ‘⁴
656 4915 765 4980 Flecto
778 4936 883 5002 genua
904 4935 975 4978 mea
995 4915 1053 4979 &c
1076 4913 1177 5002 [pr.
1194 4926 1224 4982 6.
1251 4924 1394 5000 14-19]
1418 4919 1535 4984 Paulus
1551 4919 1733 5005 Apostolus,
1757 4919 1824 4984 Vas

441 5039 463 5072 “
478 5043 585 5094 eterne
600 5026 771 5105 electionis,
796 5025 974 5091 Samarium
989 5025 1094 5091 divine
1108 5028 1372 5110 sanctificationis,
1395 5040 1427 5095 ct
1441 5031 1602 5116 speculum
1616 5043 1648 5094 et
1662 5029 1824 5115 exemplar

440 5149 463 5183 ⁴‘
478 5160 613 5226 superne
627 5136 908 5224 contemplationis,
932 5139 964 5202 in
979 5138 1081 5203 verbis
1096 5141 1255 5224 premissis
1270 5141 1407 5207 ostendit
1427 5143 1518 5206 nobis
1532 5141 1676 5207 mentalis
1692 5141 1825 5206 Exerci·

439 5251 601 5315 “tationis
616 5263 730 5328 ortum,
746 5249 903 5336 objectum
918 5249 1132 5316 etbuctumJ'
1674 5324 1675 5327 Ἴ
1811 5331 1816 5338 ¹

397 5361 500 5428 Paulo
514 5357 653 5439 inseritis,
669 5361 702 5424 in
717 5361 781 5424 imo
795 5360 890 5426 lolio:
914 5369 937 5403 ‘⁶
952 5362 1068 5427 Anime
1081 5363 1296 5451 interrogatio.
1340 5365 1404 5429 Dic
1420 5385 1528 5452 queso,
1545 5388 1565 5429 o
1579 5365 1685 5444 bomo,
1702 5365 1728 5429 si
1750 5378 1822 5451 post

442 5471 623 5537 “devotam
653 5471 881 5536 invocationem
907 5471 1012 5536 divine
1039 5472 1281 5560 magnificentie,
1312 5489 1344 5539 et
1367 5487 1440 5560 post
1464 5475 1615 5541 humilem
1645 5476 1823 5561 imploraci-

442 5591 464 5626 “
479 5585 636 5648 onem’'-

322 5729 370 5789 10.
394 5722 661 5788 Conconnancrn
685 5719 808 5785 Bramn
831 5739 870 5784 ru
892 5739 1050 5804 pompos
1072 5740 1190 5786 aranos
1213 5743 1400 5803 orsmrcrs,
1424 5744 1496 5789 curu
1519 5715 1692 5790 Tarsam(

1634 5835 1709 5901 folio
1725 5845 1777 5904 64.

397 5945 529 6012 nedem
553 5944 797 6012 Concordrmtiae
814 5952 893 6010 tunt
920 5965 999 6032 quas
1020 5966 1117 6030 supra
1137 5945 1300 6032 descripsi,
1337 5949 1378 6014 A.
1400 5969 1454 6013 111.
1480 5947 1561 6015 Cod.
1587 5955 1636 6016 12.
1659 5963 1749 6016 tract.
1773 5957 1824 6016 la.

442 6057 543 6123 Tituli
557 6071 662 6124 autem
676 6079 745 6124 non
760 6071 833 6124 sunt
847 6062 897 6143 (ut
910 6059 944 6122 in
958 6057 1018 6125 isto
1032 6057 1128 6140 libro)
1143 6061 1263 6125 uuniati
1271 6085 1280 6137 ;
1296 6081 1355 6127 nec
1371 6061 1534 6149 Scriptura
1547 6075 1611 6130 tam
1625 6063 1752 6152 elegans
1766 6071 1826 6127 est.

1028 6180 1076 6233 'rt
